GPS Time, Device Time, Longitude, Latitude,GPS Speed (Meters/second), Horizontal Dilution of Precision, Altitude, Bearing, G(x), G(y), G(z), G(calibrated), Fuel Trim Bank 1 Short Term(%),Fuel Trim Bank 1 Long Term(%),Fuel trim bank 1 sensor 2(%),Engine Load(%),Engine Load(Absolute)(%),Air Fuel Ratio(Measured)(:1),Air Fuel Ratio(Commanded)(:1),EGR Commanded(%),EGR Error(%),Intake Manifold Pressure(psi),Engine RPM(rpm),O2 Sensor1 Equivalence Ratio(alternate),Commanded Equivalence Ratio(lambda),Mass Air Flow Rate(g/s),O2 Volts Bank 1 sensor 2(V),Intake Air Temperature(°C),Ambient air temp(°C),Engine Coolant Temperature(°C),Catalyst Temperature (Bank 1 Sensor 1)(°C),Catalyst Temperature (Bank 1 Sensor 2)(°C),Speed (OBD)(km/h)
Thu Oct 28 13:55:24 GMT+02:00 2021,28-oct.-2021 13:55:25.320,3.20112398,46.0793079,0.0,4.500763,380.8109130859375,0.0,8.89924812,0.2633622,4.08809948,0.01775284,7.03125,-0.78125,-,-,-,15.61785221,-,-,-,-,-,1.06243896,-,-,-,-,-,-,-,-,-
Thu Oct 28 13:55:25 GMT+02:00 2021,28-oct.-2021 13:55:26.303,3.20112472,46.07930786,0.0,4.1304,381.163818359375,0.0,8.89924812,0.2633622,4.08809948,0.01775284,7.03125,-0.78125,-,21.96078491,-,15.61785221,-,-,-,3.62594342,1294,1.06243896,-,2.97000003,-,40,-,88,-,-,9
Thu Oct 28 13:55:26 GMT+02:00 2021,28-oct.-2021 13:55:27.302,3.20116456,46.07927346,2.64,3.7900925,389.80474853515625,149.2,8.89924812,0.2633622,4.08809948,0.01775284,7.03125,-0.78125,7.03125,21.96078491,-,15.61785221,-,6.27450991,-93.75,3.62594342,1294,1.06243896,-,2.97000003,0.81999999,40,-,88,-,-,9
Thu Oct 28 13:55:27 GMT+02:00 2021,28-oct.-2021 13:55:28.301,3.2011956,46.07924492,2.87,3.7900925,393.586181640625,145.3,8.75320148,1.14323127,4.5418005,0.04433013,7.03125,-0.78125,7.03125,21.96078491,17.64705849,14.69999981,14.62822247,6.27450991,-93.75,3.62594342,1294,1,0.99511719,2.97000003,0.81999999,40,-,88,85.5,-,9
Thu Oct 28 13:55:28 GMT+02:00 2021,28-oct.-2021 13:55:29.301,3.20123043,46.07921293,3.04,3.7900925,395.40093994140625,133.8,8.88009453,1.28209496,5.17506695,0.06354207,7.03125,-0.78125,7.03125,18.03921509,17.64705849,14.69999981,14.62822247,6.27450991,-93.75,3.33586788,1607,1,0.99511719,3,0.81999999,40,-,88,85.5,-,11
Thu Oct 28 13:55:29 GMT+02:00 2021,28-oct.-2021 13:55:30.301,3.20126175,46.07920496,3.13,3.7900925,393.450439453125,122.7,9.06564426,0.74938512,3.62003303,0.02485698,12.5,-0.78125,12.5,18.03921509,17.64705849,14.69999981,14.62822247,0,99.21875,3.33586788,1607,1,0.99511719,3,0.80500001,40,-,88,92.3999939,-,11
Thu Oct 28 13:55:30 GMT+02:00 2021,28-oct.-2021 13:55:31.301,3.20130419,46.07919731,3.18,3.7900925,394.1824951171875,114.7,7.95832634,0.39384618,5.7891798,0.03316216,6.25,-0.78125,6.25,12.54901981,9.4117651,14.4581995,14.74306583,0,99.21875,2.90075469,1292,0.98355103,1.00292969,1.82000005,0.79499996,40,-,88,92.3999939,-,8
Thu Oct 28 13:55:31 GMT+02:00 2021,28-oct.-2021 13:55:32.301,3.20133784,46.07918481,2.69,3.7900925,395.0625,114.3,8.92079544,1.0486604,3.8678329,0.01080421,6.25,-0.78125,6.25,28.23529434,18.03921509,15.31235027,14.77177715,0,99.21875,3.91601896,905,1.04165649,1.00488281,2.11999989,0.78999996,40,-,88,94.19999695,-,4
Thu Oct 28 13:55:32 GMT+02:00 2021,28-oct.-2021 13:55:33.300,3.20135465,46.07917788,1.38,3.7900925,395.6361083984375,116.6,9.38886166,0.9840169,2.7473464,0.02453199,5.46875,-0.78125,5.46875,69.80392456,63.92156982,14.33393478,14.62822247,15.29411793,-35.15625,8.84730244,1223,0.97509766,0.99511719,7.94000006,0.79499996,40,-,88,94.19999695,-,3
Thu Oct 28 13:55:33 GMT+02:00 2021,28-oct.-2021 13:55:34.301,3.20136303,46.07917457,0.78,3.7900925,396.462890625,124.1,9.35294914,0.67636198,2.57975245,0.02967122,4.6875,-0.78125,4.6875,43.13725662,31.37254906,14.75383282,14.62822247,14.90196037,2.34375,7.3969245,1683,1.00366211,0.99511719,5.46000004,0.78999996,40,-,88,98.19999695,-,4
Thu Oct 28 13:55:34 GMT+02:00 2021,28-oct.-2021 13:55:35.302,3.2013716,46.0791701,1.01,3.7900925,396.4476318359375,131.9,9.32661247,-0.04309563,3.16752887,0.01846939,5.46875,-0.78125,3.90625,43.52941132,38.4313736,14.46358395,15.00325871,0,99.21875,7.97707558,1302,0.98391724,1.02062988,5.76999998,0.78499997,39,-,88,98.19999695,-,9
Thu Oct 28 13:55:35 GMT+02:00 2021,28-oct.-2021 13:55:36.302,3.20138991,46.0791536,2.29,3.7900925,397.0806884765625,148.3,9.35055447,-0.1436521,2.79882169,0.02613344,4.6875,-0.78125,4.6875,52.54901886,39.60784149,15.16341209,15.0678587,18.43137169,-3.90625,8.99234009,1664,1.03152466,1.02502441,8.81999969,0.77499998,39,-,88,107.80000305,-,12
Thu Oct 28 13:55:36 GMT+02:00 2021,28-oct.-2021 13:55:37.305,3.2014042,46.07913013,2.63,3.7900925,396.86865234375,168.5,9.04649067,0.10295067,3.96360087,0.02090962,5.46875,-0.78125,0,32.94117737,27.05882263,15.27601337,15.0678587,23.13725471,-0.78125,6.67173576,2242,1.03918457,1.02502441,7.82999992,0.65499997,39,-,90,107.80000305,-,16
Thu Oct 28 13:55:37 GMT+02:00 2021,28-oct.-2021 13:55:38.303,3.20140898,46.07909942,3.09,3.7900925,396.8433837890625,178.5,9.06325054,0.80205756,3.8666358,0.0200839,0,-0.78125,0,26.66666794,24.70588303,14.69013023,13.77900696,0,99.21875,5.51143408,1205,0.99932861,0.93734741,6.42999983,0.005,39,-,90,119.69999695,-,15
Thu Oct 28 13:55:38 GMT+02:00 2021,28-oct.-2021 13:55:39.303,3.20141414,46.07905978,3.98,3.7900925,396.3897705078125,174.6,9.07641888,0.68474168,3.43208814,0.01781716,0,-0.78125,0,70.19608307,53.33333206,14.56227779,13.77900696,0,99.21875,8.26715088,1230,0.9906311,0.93734741,8.88000011,0.05,39,-,90,119.69999695,-,16
Thu Oct 28 13:55:39 GMT+02:00 2021,28-oct.-2021 13:55:40.301,3.20142174,46.07901672,4.4,3.7900925,396.10955810546875,173.5,9.47026443,0.70269817,3.17830276,0.02505365,0.78125,-0.78125,1.5625,70.98039246,56.07843018,14.21819401,13.77900696,27.05882263,-17.96875,11.16790581,1397,0.96722412,0.93734741,10.93999958,0.73499995,39,-,90,125.69999695,-,18
Thu Oct 28 13:55:40 GMT+02:00 2021,28-oct.-2021 13:55:41.306,3.2014366,46.07896042,5.18,3.7900925,396.4708251953125,172.8,9.22485924,0.54946929,3.04781866,0.02167446,3.125,-0.78125,3.90625,65.09803772,55.68627548,14.6264286,14.83906841,22.74509811,1.5625,10.73279285,1688,0.99499512,1.00946045,11.14999962,0.81,39,-,90,125.69999695,-,22
Thu Oct 28 13:55:41 GMT+02:00 2021,28-oct.-2021 13:55:42.303,3.2014442,46.07890842,6.05,3.7900925,396.5904541015625,173.1,9.05726528,0.56981999,2.907758,0.01417322,3.125,-0.78125,3.125,62.74509811,46.27450943,14.88482666,14.89424706,26.66666603,0,10.00760365,1861,1.01257324,1.01321411,11.56000042,0.76499999,39,-,90,141.6000061,-,24
Thu Oct 28 13:55:42 GMT+02:00 2021,28-oct.-2021 13:55:43.302,3.20145811,46.07884366,6.98,3.7900925,397.2359619140625,173.2,9.51934624,0.57341129,3.10049129,0.03288848,3.125,-0.78125,3.125,60.39215851,44.31372452,14.94359398,14.93103313,29.80392075,0,9.42745304,2159,1.01657104,1.01571655,12.71000004,0.755,39,-,90,141.6000061,-,28
Thu Oct 28 13:55:43 GMT+02:00 2021,28-oct.-2021 13:55:44.300,3.20147092,46.07877408,7.68,3.7900925,397.85003662109375,174.0,8.93516064,0.37469256,4.1730938,0.01746807,0,-0.78125,0,20.3921566,35.68627548,15.0741396,14.96826839,0,99.21875,5.07632065,2226,1.02545166,1.01824951,4.71999979,0.72999996,39,-,90,160.30000305,-,29
Thu Oct 28 13:55:44 GMT+02:00 2021,28-oct.-2021 13:55:45.301,3.20148483,46.07869807,8.12,3.7900925,397.37664794921875,175.2,8.78791714,0.02394202,4.0114851,0.00899837,0,-0.78125,0,18.03921509,25.88235283,29.39955139,13.77900696,0,99.21875,3.77098107,1422,1.99996948,0.93734741,3.07999992,0.005,39,-,90,160.30000305,-,28
Thu Oct 28 13:55:45 GMT+02:00 2021,28-oct.-2021 13:55:46.302,3.20150471,46.07862191,8.02,3.7900925,397.955322265625,175.8,8.87051773,0.16160862,4.09408474,0.02764457,0,-0.78125,0,22.35294151,16.86274529,14.46986294,13.77900696,0,99.21875,3.77098107,1427,0.98434448,0.93734741,3.49000001,0.05,38,-,90,163.80000305,-,28
Thu Oct 28 13:55:46 GMT+02:00 2021,28-oct.-2021 13:55:47.300,3.20151777,46.07854462,8.08,3.7900925,398.16485595703125,176.9,8.90523338,0.2669535,4.15393972,0.02525773,0,-0.78125,0,25.09803963,18.03921509,14.46268654,13.77900696,0,99.21875,4.06105661,1404,0.9838562,0.93734741,3.4000001,0.065,38,-,90,163.80000305,-,28
Thu Oct 28 13:55:47 GMT+02:00 2021,28-oct.-2021 13:55:48.300,3.20152011,46.07846698,7.82,3.7900925,398.9984130859375,178.6,8.87650299,0.30526072,4.14556026,0.01854151,6.25,-0.78125,6.25,24.31372643,18.43137169,14.17243576,13.77900696,0,99.21875,4.06105661,1395,0.96411133,0.93734741,3.43000007,0.095,38,-,90,166.80000305,-,27
Thu Oct 28 13:55:48 GMT+02:00 2021,28-oct.-2021 13:55:49.306,3.2015142,46.07839124,7.84,3.7900925,400.085693359375,180.2,8.9902277,0.15682021,4.07134008,-0.0024173,7.03125,-0.78125,7.03125,18.03921509,12.94117641,13.85033512,13.77900696,0,99.21875,3.04579258,1379,0.94219971,0.93734741,2.8900001,0.11,38,-,91,166.80000305,-,27
Thu Oct 28 13:55:49 GMT+02:00 2021,28-oct.-2021 13:55:50.301,3.20151664,46.07831761,7.56,3.7900925,400.6007080078125,181.5,8.45512295,0.2669535,3.95761538,-0.00947548,3.90625,-0.78125,3.90625,25.09803963,20,13.33353806,13.77900696,0,99.21875,4.06105661,1359,0.90704346,0.93734741,3.46000004,0.145,38,-,91,169.30000305,-,27
Thu Oct 28 13:55:50 GMT+02:00 2021,28-oct.-2021 13:55:51.302,3.20151247,46.07824805,7.49,3.7900925,400.811279296875,184.4,8.88129139,-0.31364042,4.22337198,0.02216495,5.46875,-0.78125,5.46875,25.49019623,19.2156868,14.16974545,13.77900696,0,99.21875,4.20609426,1334,0.96392822,0.93734741,3.49000001,0.14999999,38,-,91,169.30000305,-,26
Thu Oct 28 13:55:51 GMT+02:00 2021,28-oct.-2021 13:55:52.301,3.20150412,46.07818384,7.3,3.7900925,399.82257080078125,188.8,8.91361332,-0.77572137,3.95761538,0.0323097,7.03125,-0.78125,7.03125,27.05882454,20.3921566,13.92480373,13.77900696,0,0,4.35113192,1288,0.94726562,0.93734741,3.54999995,0.16499999,38,-,91,172.1000061,-,25
Thu Oct 28 13:55:52 GMT+02:00 2021,28-oct.-2021 13:55:53.302,3.20149503,46.07812836,7.07,3.7900925,399.772705078125,196.5,8.65743351,-0.54707509,3.8750155,0.04874348,7.03125,-0.78125,7.03125,28.62745094,24.70588303,13.9100008,13.77900696,0,99.21875,4.49617004,1266,0.94625854,0.93734741,3.73000002,0.345,38,-,91,172.1000061,-,25
Thu Oct 28 13:55:53 GMT+02:00 2021,28-oct.-2021 13:55:54.303,3.2014622,46.07807892,6.75,3.7900925,398.6153564453125,207.9,8.86213779,1.09055889,4.21499205,0.02530087,6.25,-0.78125,6.25,24.31372643,18.8235302,13.88263512,13.77900696,0,0,4.06105661,1218,0.94439697,0.93734741,3.1099999,0.55000001,38,-,91,174.6000061,-,24
Thu Oct 28 13:55:54 GMT+02:00 2021,28-oct.-2021 13:55:55.302,3.20141242,46.07803316,6.75,3.7900925,398.17034912109375,212.2,8.82502747,2.36188006,4.61721802,0.05584275,5.46875,-0.78125,5.46875,24.31372643,20.7843132,13.84270859,13.77900696,0,99.21875,4.06105661,1188,0.94168091,0.93734741,3,0.75,38,-,91,174.6000061,-,23
Thu Oct 28 13:55:55 GMT+02:00 2021,28-oct.-2021 13:55:56.302,3.20137874,46.07798438,6.51,3.7900925,397.55615234375,203.2,8.65623665,2.45046544,4.29639482,0.04321047,4.6875,-0.78125,4.6875,40.39215851,30.98039246,13.9005785,13.77900696,0,99.21875,5.80150938,1132,0.94561768,0.93734741,5.25,0.80500001,38,-,91,176.80000305,-,22
Thu Oct 28 13:55:56 GMT+02:00 2021,28-oct.-2021 13:55:57.303,3.20137037,46.07792529,6.3,3.7900925,398.42132568359375,184.8,8.47427654,3.02986217,4.20182419,0.00921743,3.90625,-0.78125,3.90625,53.72549057,47.05882263,12.89659405,13.77900696,11.37254906,0,9.86256599,1126,0.87731934,0.93734741,7.21999979,0.88499999,38,-,91,176.80000305,-,22
Thu Oct 28 13:55:57 GMT+02:00 2021,28-oct.-2021 13:55:58.304,3.20137221,46.07787058,6.22,3.7900925,399.40130615234375,164.0,8.68017864,2.7353754,4.10246468,0.04444053,0,-0.78125,0,55.68627548,44.70588303,13.36763287,14.83458233,21.96078491,1.5625,10.00760365,1242,0.90936279,1.00915527,7.07000017,0.88999999,38,-,91,182.30000305,-,24
Thu Oct 28 13:55:58 GMT+02:00 2021,28-oct.-2021 13:55:59.301,3.20140712,46.07782009,6.05,3.7900925,399.1639404296875,143.4,9.10155773,0.79846627,3.56257224,0.03292801,1.5625,-0.78125,2.34375,54.50980377,41.96078491,15.05619431,14.89873409,21.96078491,0.78125,9.71752834,1325,1.02423096,1.01351929,7.26999998,0.85499996,38,-,91,182.30000305,-,26
Thu Oct 28 13:55:59 GMT+02:00 2021,28-oct.-2021 13:56:00.301,3.20151211,46.07777531,7.72,3.7900925,398.7098388671875,131.6,9.61032581,-1.07499659,3.94085598,0.04440363,2.34375,-0.78125,2.34375,52.54901886,41.96078491,15.06516743,14.93596745,22.74509811,-0.78125,9.13737774,1504,1.02484131,1.01605225,7.98999977,0.82499999,37,-,91,190.6000061,-,30
Thu Oct 28 13:56:00 GMT+02:00 2021,28-oct.-2021 13:56:01.304,3.20159021,46.07772539,8.09,3.7900925,397.9532470703125,137.6,9.70010853,-1.00317049,3.52905321,0.08147687,3.125,-0.78125,3.125,65.09803772,53.72549057,15.1311121,14.99159527,27.84313774,1.5625,10.44271755,1587,1.02932739,1.01983643,10.39999962,0.78499997,37,-,91,190.6000061,-,31
Thu Oct 28 13:56:01 GMT+02:00 2021,28-oct.-2021 13:56:02.301,3.20166111,46.07766002,8.74,3.7900925,397.861572265625,148.6,9.29429054,-0.66558808,3.27646494,0.02908199,3.125,-0.78125,3.90625,74.50980377,56.86274338,14.97679138,15.0292778,27.84313774,-3.90625,11.31294346,1717,1.01882935,1.0223999,12.63000011,0.75999999,37,-,91,202.19999695,-,34
Thu Oct 28 13:56:02 GMT+02:00 2021,28-oct.-2021 13:56:03.302,3.20171792,46.07758907,8.88,3.7900925,397.85211181640625,156.0,9.32661247,-0.45010993,3.13760138,0.02788611,3.90625,-0.78125,3.90625,74.90196228,58.82352829,14.98441792,14.9826231,32.54901886,0,11.60301876,1784,1.01934814,1.01922607,13.84000015,0.57999998,37,-,91,202.19999695,-,35
Thu Oct 28 13:56:03 GMT+02:00 2021,28-oct.-2021 13:56:04.305,3.20176571,46.07750501,9.8,3.7900925,398.13629150390625,161.8,9.3828764,0.18674773,3.82593441,0.02685201,3.90625,0,3.90625,78.03921509,56.86274338,14.60130501,14.5142765,35.68627548,0,11.60301876,1861,0.99328613,0.98736572,14.35999966,0.47,36,-,92,221.1000061,-,37
Thu Oct 28 13:56:04 GMT+02:00 2021,28-oct.-2021 13:56:05.301,3.2018102,46.07741264,10.46,3.7900925,399.0416259765625,166.8,8.90643024,0.22146365,3.33033466,0.03110798,3.125,0,3.125,71.37255096,54.11764526,14.5600338,14.85118103,33.72549057,-0.78125,11.16790581,2023,0.99047852,1.01028442,14.43999958,0.685,36,-,92,221.1000061,-,40
Thu Oct 28 13:56:05 GMT+02:00 2021,28-oct.-2021 13:56:06.302,3.20183417,46.07731374,11.15,9.935046,398.91253662109375,170.3,8.62032318,0.64404029,4.20421839,0.00083982,1.5625,0,0,59.2156868,10.98039246,29.39955139,29.39955139,0,99.21875,3.04579258,2071,1.99996948,1.99996948,12.47000027,0.66499996,36,-,92,238.5,-,41
Thu Oct 28 13:56:06 GMT+02:00 2021,28-oct.-2021 13:56:07.301,3.2018605,46.07720394,11.45,9.935046,399.164306640625,171.0,9.40202999,0.878672,4.25449657,0.03250513,0,0,0,23.92156982,23.52941132,29.39955139,13.77900696,0,0,3.91601896,1545,1.99996948,0.93734741,3.82999992,0.02,36,-,92,238.5,-,40
Thu Oct 28 13:56:07 GMT+02:00 2021,28-oct.-2021 13:56:08.302,3.20187902,46.07710411,11.23,9.935046,399.24993896484375,171.2,9.1374712,0.79726917,3.79480958,-0.00577687,2.34375,0,2.34375,80.78431702,57.64706039,13.57847881,13.77900696,22.74509811,-1.5625,10.1526413,1577,0.92370605,0.93734741,13.10000038,0.085,36,-,92,243.79998779,-,41
Thu Oct 28 13:56:08 GMT+02:00 2021,28-oct.-2021 13:56:09.302,3.2019006,46.07699947,11.48,9.935046,399.75982666015625,171.4,9.11472607,0.91697925,3.8738184,0.01798282,1.5625,0,2.34375,72.15686035,54.90196228,13.97818851,13.77900696,56.47058868,-10.15625,11.74805641,1656,0.95089722,0.93734741,12.10999966,0.755,36,-,92,243.79998779,-,42
Thu Oct 28 13:56:09 GMT+02:00 2021,28-oct.-2021 13:56:10.300,3.2019243,46.07689501,11.9,9.935046,399.9234619140625,171.4,9.01297188,0.94331545,3.57334614,0.01366528,3.125,0,3.125,69.01960754,49.80392075,13.94140339,14.84400368,65.88235474,-0.78125,11.89309406,1690,0.94839478,1.00979614,11.97000027,0.85999995,36,-,92,257.5,-,43
Thu Oct 28 13:56:10 GMT+02:00 2021,28-oct.-2021 13:56:11.302,3.20194857,46.07678712,12.23,9.935046,400.010498046875,171.2,8.76158142,0.92296475,4.17788219,0.02290587,0.78125,0,0.78125,29.80392265,27.84313774,14.40526485,14.86194706,28.23529434,11.71875,7.25188684,1724,0.97994995,1.01101685,5.17000008,0.81999999,36,-,92,257.5,-,44
Thu Oct 28 13:56:11 GMT+02:00 2021,28-oct.-2021 13:56:12.302,3.20196847,46.07667909,12.18,9.935046,400.09393310546875,171.3,8.62989998,0.71826053,3.79600668,0.01560615,4.6875,0,4.6875,28.23529434,21.56862831,15.38637066,14.92654705,9.01960754,4.6875,5.51143408,1696,1.04669189,1.01541138,4.92000008,0.79999995,36,-,92,264.1000061,-,44
Thu Oct 28 13:56:12 GMT+02:00 2021,28-oct.-2021 13:56:13.302,3.20199076,46.07657018,12.24,9.935046,400.2183837890625,171.3,8.95551109,0.66798228,4.19823265,0.01731394,4.6875,0,5.46875,27.45098114,20.7843132,15.04408264,14.96378136,7.45098019,-4.6875,4.931283,1675,1.02340698,1.01794434,4.71999979,0.78499997,36,-,92,264.1000061,-,43
Thu Oct 28 13:56:13 GMT+02:00 2021,28-oct.-2021 13:56:14.303,3.20201305,46.07646665,11.94,9.935046,400.80596923828125,171.5,8.9758625,0.89423436,3.8774097,0.0176863,3.90625,0,3.90625,27.45098114,36.47058868,15.19616032,15.01985741,7.45098019,-4.6875,5.07632065,1662,1.03375244,1.02175903,4.5999999,0.75999999,36,-,92,267.1000061,-,43
Thu Oct 28 13:56:14 GMT+02:00 2021,28-oct.-2021 13:56:15.303,3.20204063,46.07635851,12.0,9.935046,401.3648681640625,171.2,9.04290009,0.72065473,3.88698649,0.02258595,1.5625,0,1.5625,49.41176605,37.64706039,14.25498009,15.05709267,34.11764526,-2.34375,8.41218853,1658,0.96972656,1.02429199,8.27999973,0.75,36,-,92,267.1000061,-,43
Thu Oct 28 13:56:15 GMT+02:00 2021,28-oct.-2021 13:56:16.302,3.20206573,46.07625342,11.92,9.935046,401.5059814453125,171.2,9.0045929,0.76973587,4.17668486,0.02278058,1.5625,0,1.5625,47.05882263,35.68627548,15.20872211,15.0678587,34.90196228,0,8.41218853,1662,1.03460693,1.02502441,7.5999999,0.745,35,-,92,272.70001221,-,43
Thu Oct 28 13:56:16 GMT+02:00 2021,28-oct.-2021 13:56:17.300,3.20209185,46.07614463,12.01,9.935046,402.2418212890625,171.2,8.85615253,0.82121116,3.81276631,0.00619987,2.34375,0,2.34375,43.92156982,32.94117737,15.29799461,15.0678587,32.54901886,-2.34375,7.97707558,1657,1.04067993,1.02502441,7.26999998,0.74000001,35,-,92,272.70001221,-,43
Thu Oct 28 13:56:17 GMT+02:00 2021,28-oct.-2021 13:56:18.300,3.20211884,46.07604129,11.97,9.935046,401.8616943359375,171.1,8.85016632,0.67396778,3.95043278,0.01080639,2.34375,0,2.34375,32.15686417,33.72549057,15.13694477,15.0678587,17.64705849,7.8125,7.10684919,1674,1.02972412,1.02502441,5.42000008,0.72999996,35,-,91,277.8999939,-,43
Thu Oct 28 13:56:18 GMT+02:00 2021,28-oct.-2021 13:56:19.302,3.20214158,46.07593518,11.97,9.935046,402.198974609375,171.2,8.82023907,0.42377371,4.01268196,0.00716953,3.90625,0,3.90625,34.11764908,25.88235283,15.36079979,15.0678587,13.72549057,3.90625,5.94654703,1665,1.04495239,1.02502441,5.17000008,0.71999997,35,-,91,277.8999939,-,43
Thu Oct 28 13:56:19 GMT+02:00 2021,28-oct.-2021 13:56:20.304,3.20216917,46.07582661,11.93,9.935046,402.1357421875,171.3,8.75439835,0.75177932,4.21379519,0.01738167,5.46875,0,5.46875,23.13725471,18.03921509,15.44962406,15.0678587,0,0,4.49617004,1658,1.05099487,1.02502441,3.86999989,0.345,35,-,91,281.5,-,43
Thu Oct 28 13:56:20 GMT+02:00 2021,28-oct.-2021 13:56:21.303,3.20219773,46.07571711,12.01,9.935046,401.90447998046875,171.1,8.71130276,0.81402856,4.26287603,0.01325711,9.375,0,10.15625,21.96078491,16.47058868,14.46133995,14.50620174,0,0,3.62594342,1642,0.98376465,0.98681641,3.6099999,0.095,35,-,91,281.5,-,42
Thu Oct 28 13:56:21 GMT+02:00 2021,28-oct.-2021 13:56:22.301,3.20222197,46.07561273,11.91,9.935046,402.27301025390625,171.1,8.77714348,0.76135612,4.27963543,0.01902797,8.59375,0,8.59375,21.17647171,16.07843208,14.50485516,14.48018169,0,0,3.62594342,1639,0.98672485,0.98504639,3.54999995,0.19,36,-,91,283.6000061,-,42
Thu Oct 28 13:56:22 GMT+02:00 2021,28-oct.-2021 13:56:23.303,3.20224758,46.07550682,11.85,9.935046,402.46514892578125,171.0,8.78552341,0.69910687,4.29639482,0.01863374,7.03125,0,7.8125,21.96078491,16.86274529,14.53536129,14.41961956,0,0,3.62594342,1633,0.98880005,0.98092651,3.6099999,0.36499998,36,-,91,283.6000061,-,42
Thu Oct 28 13:56:23 GMT+02:00 2021,28-oct.-2021 13:56:24.302,3.20227158,46.07540472,11.73,9.935046,402.5521240234375,170.6,8.92797852,0.53989249,4.33949041,0.02333194,7.03125,0,7.03125,21.56862831,16.47058868,14.55734158,14.57708168,0,0,3.62594342,1631,0.99029541,0.99163818,3.43000007,0.64999998,36,-,91,283.6000061,-,42
Thu Oct 28 13:56:24 GMT+02:00 2021,28-oct.-2021 13:56:25.302,3.20229833,46.07529856,11.76,9.935046,402.7979736328125,170.8,8.77355194,0.71227503,4.28921223,0.01264452,5.46875,0,5.46875,21.56862831,16.47058868,15.22532082,15.00415611,0,0,3.62594342,1627,1.03573608,1.02069092,3.57999992,0.66499996,36,-,91,286.1000061,-,42
Thu Oct 28 13:56:25 GMT+02:00 2021,28-oct.-2021 13:56:26.302,3.20232208,46.07519204,11.82,9.935046,402.869873046875,171.0,8.7747488,0.81522566,4.10126734,0.01449929,6.25,0,6.25,23.13725471,17.64705849,15.16520691,15.03241825,0,0,3.77098107,1621,1.03164673,1.02261353,3.82999992,0.66999996,36,-,91,286.1000061,-,42
Thu Oct 28 13:56:26 GMT+02:00 2021,28-oct.-2021 13:56:27.304,3.20234751,46.07509113,11.78,9.935046,403.123046875,171.1,8.87650299,0.74818802,4.34667301,0.02499122,6.25,0,6.25,22.74509811,16.86274529,14.8341341,14.44967556,0,0,3.77098107,1624,1.00912476,0.98297119,3.73000002,0.23999999,36,-,91,288.5,-,42
Thu Oct 28 13:56:27 GMT+02:00 2021,28-oct.-2021 13:56:28.301,3.20237074,46.07498928,11.71,9.935046,403.2945556640625,171.0,9.00578976,0.73741412,4.06296015,0.01532225,7.03125,0,6.25,22.35294151,17.64705849,14.51472378,14.41513443,0,0,3.77098107,1610,0.98739624,0.98062134,3.67000008,0.175,36,-,91,288.5,-,42
Thu Oct 28 13:56:28 GMT+02:00 2021,28-oct.-2021 13:56:29.302,3.20239074,46.07488843,11.59,9.935046,403.2667236328125,171.0,8.70890903,0.5303157,4.47835445,0.02536504,0,0,0,13.72549057,10.1960783,14.50934029,14.4321804,0,0,2.75571704,1590,0.98703003,0.98178101,2.20000005,0.30500001,36,-,91,290.79998779,-,41
Thu Oct 28 13:56:29 GMT+02:00 2021,28-oct.-2021 13:56:30.303,3.20241922,46.07478177,11.53,9.935046,403.9337158203125,170.8,8.80228233,0.82599956,4.22935724,0.02367296,0,0,0,13.33333397,11.37254906,29.39955139,14.1603241,0,0,3.04579258,1218,1.99996948,0.96328735,2.18000007,0.02,36,-,91,290.79998779,-,40
Thu Oct 28 13:56:30 GMT+02:00 2021,28-oct.-2021 13:56:31.302,3.20244168,46.07467976,11.18,9.935046,403.93634033203125,170.7,8.46589756,0.70868373,4.49750805,0.01940588,0,0,0,20.3921566,18.43137169,15.87266159,13.77900696,0,0,3.91601896,1320,1.07977295,0.93734741,2.97000003,0.035,36,-,91,291.3999939,-,39
Thu Oct 28 13:56:31 GMT+02:00 2021,28-oct.-2021 13:56:32.302,3.2024668,46.07458445,10.96,9.935046,403.9769287109375,170.4,8.39766216,0.75537062,4.47955132,0.00911245,0,0,0,16.86274529,12.54901981,14.6264286,13.77900696,0,0,3.19083023,1930,0.99499512,0.93734741,3.23000002,0.055,36,-,91,291.3999939,-,38
Thu Oct 28 13:56:32 GMT+02:00 2021,28-oct.-2021 13:56:33.301,3.20249238,46.07449509,10.57,9.935046,404.3114013671875,170.3,8.49223328,0.41659111,4.49271965,0.02139909,0,0,0,17.25490189,12.94117641,29.39955139,29.39955139,0,0,3.19083023,1785,1.99996948,1.99996948,3.1400001,0.045,36,-,91,293.29998779,-,35
Thu Oct 28 13:56:33 GMT+02:00 2021,28-oct.-2021 13:56:34.301,3.20251374,46.07441261,9.98,9.935046,404.52496337890625,170.3,8.97227097,0.77811557,4.27843857,0.02752641,0,0,0,17.64705849,11.37254906,29.39955139,13.77900696,0,0,2.90075469,1733,1.99996948,0.93734741,2.24000001,0,36,-,91,293.29998779,-,34
Thu Oct 28 13:56:34 GMT+02:00 2021,28-oct.-2021 13:56:35.304,3.20253347,46.07433022,9.88,9.935046,404.44207763671875,170.2,8.87051773,0.62009823,4.31076002,0.02001828,0,0,0,16.07843208,12.15686321,16.22392273,13.77900696,0,0,2.90075469,1693,1.10366821,0.93734741,2.73000002,0.045,36,-,91,294,-,33
Thu Oct 28 13:56:35 GMT+02:00 2021,28-oct.-2021 13:56:36.302,3.20255487,46.07425076,9.38,9.935046,404.6549072265625,170.3,8.87051773,0.57460839,4.11323833,0.01203222,0,0,0,16.47058868,13.33333302,14.68788719,13.77900696,0,0,3.04579258,1674,0.99917603,0.93734741,2.79999995,0.065,36,-,90,294,-,33
Thu Oct 28 13:56:36 GMT+02:00 2021,28-oct.-2021 13:56:37.302,3.20257505,46.07416945,9.25,9.935046,404.769287109375,170.5,8.82502747,0.44771573,4.20780945,0.01788301,3.90625,0,5.46875,18.4313736,16.07843208,14.37116909,13.77900696,0,0,3.62594342,1648,0.97763062,0.93734741,3.54999995,0.08,36,-,90,296.5,-,33
Thu Oct 28 13:56:37 GMT+02:00 2021,28-oct.-2021 13:56:38.303,3.20259414,46.07409097,9.19,9.935046,404.8214111328125,170.7,8.74601841,0.64523739,4.12880087,0.01897459,9.375,0,9.375,20.7843132,17.25490189,13.88801861,13.77900696,0,0,3.62594342,1645,0.94476318,0.93734741,3.49000001,0.09999999,36,-,90,296.5,-,32
Thu Oct 28 13:56:38 GMT+02:00 2021,28-oct.-2021 13:56:39.303,3.20261638,46.07401016,9.12,9.935046,405.099853515625,170.9,9.07282734,0.75417352,4.10366154,0.02215318,7.8125,0,7.8125,23.13725471,17.25490189,13.81579208,13.77900696,0,0,3.91601896,1642,0.93984985,0.93734741,4.32000017,0.11499999,36,-,90,298.5,-,32
Thu Oct 28 13:56:39 GMT+02:00 2021,28-oct.-2021 13:56:40.301,3.2026391,46.07392866,9.11,9.935046,404.80804443359375,170.9,8.72686481,0.75896192,3.97437477,0.01488197,7.03125,0,6.25,30.19607925,21.56862831,13.76195908,13.77900696,0,0,4.49617004,1642,0.93618774,0.93734741,5,0.12,36,-,90,298.5,-,32
Thu Oct 28 13:56:40 GMT+02:00 2021,28-oct.-2021 13:56:41.305,3.20266084,46.07384785,9.18,9.935046,404.4971923828125,170.7,8.93755531,0.59855044,3.63918662,0.0207508,5.46875,0,5.46875,48.23529434,39.2156868,13.26983547,13.77900696,15.68627453,-3.125,8.55722618,1661,0.90270996,0.93734741,8.05000019,0.14,36,-,90,302.5,-,33
Thu Oct 28 13:56:41 GMT+02:00 2021,28-oct.-2021 13:56:42.301,3.20267854,46.07376741,9.31,9.935046,404.646484375,170.5,9.14585018,0.77093297,3.84269381,0.01924462,1.5625,0,1.5625,53.72549057,40.7843132,13.49055195,13.77900696,39.2156868,0,9.28241539,1752,0.91772461,0.93734741,9.47000027,0.84499997,36,-,90,302.5,-,35
Thu Oct 28 13:56:42 GMT+02:00 2021,28-oct.-2021 13:56:43.303,3.20270208,46.07368177,9.68,9.935046,403.9759521484375,170.2,8.98424149,0.69671267,3.82114601,0.01690116,1.5625,0,1.5625,52.54901886,39.2156868,13.90192509,13.77900696,42.74509811,-1.5625,9.13737774,1801,0.94570923,0.93734741,9.64000034,0.88,36,-,90,308.70001221,-,36
Thu Oct 28 13:56:43 GMT+02:00 2021,28-oct.-2021 13:56:44.302,3.20272124,46.07359224,9.96,9.935046,403.51373291015625,170.1,9.05367374,0.65122288,3.69545031,0.0165179,2.34375,0,2.34375,51.37255096,38.82352829,13.98132896,14.84400368,50.98039246,-3.90625,9.13737774,1889,0.95111084,1.00979614,10.46000004,0.84999996,36,-,90,308.70001221,-,37
Thu Oct 28 13:56:44 GMT+02:00 2021,28-oct.-2021 13:56:45.305,3.20274277,46.07349758,10.48,9.935046,403.700927734375,170.1,8.79510021,0.9828198,3.60925913,0.02490119,2.34375,0,2.34375,58.8235321,43.13725662,14.89828491,14.90815449,54.11764526,-0.78125,10.00760365,1955,1.01348877,1.01416016,11.48999977,0.81,35,-,90,317.79998779,-,39
Thu Oct 28 13:56:45 GMT+02:00 2021,28-oct.-2021 13:56:46.301,3.20276525,46.07340105,11.02,9.935046,403.5869140625,170.0,9.01416969,0.66079968,3.45962143,0.02048692,2.34375,0,2.34375,57.64706039,45.49019623,15.05843735,14.93596745,48.62745285,-0.78125,9.71752834,2067,1.02438354,1.01605225,12.18000031,0.78499997,35,-,90,317.79998779,-,41
Thu Oct 28 13:56:46 GMT+02:00 2021,28-oct.-2021 13:56:47.301,3.20278525,46.07330351,11.2,9.935046,403.41107177734375,170.0,9.26077175,0.56503159,3.83191991,0.02967024,2.34375,0,2.34375,58.8235321,45.49019623,15.0458765,15.00101566,45.49019623,0.78125,9.71752834,2130,1.02352905,1.02047729,13.02000046,0.76999998,35,-,90,328.29998779,-,42
Thu Oct 28 13:56:47 GMT+02:00 2021,28-oct.-2021 13:56:48.302,3.20281519,46.07319421,12.03,9.935046,403.6719970703125,170.2,8.87769985,0.36032736,4.36582661,0.02421225,2.34375,0,2.34375,56.86274719,46.27450943,15.11675739,15.0292778,30.19607925,0,9.71752834,2240,1.02835083,1.0223999,13.57999992,0.745,35,-,90,328.29998779,-,44
Thu Oct 28 13:56:48 GMT+02:00 2021,28-oct.-2021 13:56:49.306,3.20283857,46.07308084,12.55,9.935046,403.878173828125,170.7,8.7699604,0.48482585,3.91811109,0.01873649,0,0,0,24.70588303,11.37254906,18.21260262,14.45506001,0,0,3.77098107,1567,1.23895264,0.9833374,3.9000001,0,34,-,90,334.6000061,-,44
Thu Oct 28 13:56:49 GMT+02:00 2021,28-oct.-2021 13:56:50.302,3.20285742,46.07296709,12.29,9.935046,402.864501953125,170.7,9.09676933,0.55306059,3.59489393,0.02603392,3.125,0,3.125,78.4313736,59.60784149,15.03690434,14.42903996,23.92156792,-0.78125,10.5877552,1696,1.0229187,0.98156738,13.34000015,0.09,34,-,90,334.6000061,-,44
Thu Oct 28 13:56:50 GMT+02:00 2021,28-oct.-2021 13:56:51.301,3.20288429,46.07285741,12.19,9.935046,402.7340087890625,170.4,8.73285103,0.85233581,3.79480958,0.00522827,1.5625,0,2.34375,73.72549438,56.47058868,14.1935215,14.368927,58.82352829,-14.84375,11.45798111,1727,0.96554565,0.97747803,12.78999996,0.12,34,-,90,341.70001221,-,45
Thu Oct 28 13:56:51 GMT+02:00 2021,28-oct.-2021 13:56:52.301,3.20290969,46.07274003,12.55,9.935046,402.50677490234375,170.5,9.34696388,0.65361708,3.58651423,0.01982805,2.34375,0,2.34375,67.84313965,51.37254715,14.66052151,14.34290791,61.96078491,0,11.31294346,1804,0.99731445,0.97570801,12.25,0.17999999,34,-,90,341.70001221,-,46
Thu Oct 28 13:56:52 GMT+02:00 2021,28-oct.-2021 13:56:53.302,3.20293746,46.07262208,13.03,9.935046,402.4715576171875,170.7,9.39963627,-0.0011971,3.60566783,0.03235985,3.125,0,2.34375,67.84313965,49.80392075,14.42679787,14.28369141,71.37255096,0,11.16790581,1834,0.98141479,0.97167969,12.47000027,0.32499999,34,-,90,352.3999939,-,48
Thu Oct 28 13:56:53 GMT+02:00 2021,28-oct.-2021 13:56:54.303,3.20296592,46.07250283,13.4,9.935046,402.5291748046875,170.8,9.36611748,0.5303157,3.50750542,0.06010958,3.90625,0,3.90625,64.70588684,49.01960754,14.51248074,14.50485516,73.72548676,-3.125,11.02286816,1928,0.98724365,0.98672485,12.47000027,0.59499997,34,-,90,352.3999939,-,50
Thu Oct 28 13:56:54 GMT+02:00 2021,28-oct.-2021 13:56:55.302,3.20299396,46.07237953,13.85,9.935046,402.3326416015625,170.9,9.29309368,0.5315128,3.76129079,0.01085594,2.34375,0,2.34375,67.05882263,49.80392075,14.79824543,14.72871017,80,0,11.02286816,1966,1.00668335,1.00195312,13.10000038,0.61500001,34,-,90,362.29998779,-,51
Thu Oct 28 13:56:55 GMT+02:00 2021,28-oct.-2021 13:56:56.302,3.20302142,46.07225478,14.19,9.935046,402.29144287109375,170.7,8.85974312,0.38426939,3.79361248,0.03203263,2.34375,0,2.34375,64.31372833,49.01960754,14.46672249,14.35501957,74.11764526,0,11.02286816,2034,0.98413086,0.97653198,13.34000015,0.70999998,34,-,90,362.29998779,-,53
Thu Oct 28 13:56:56 GMT+02:00 2021,28-oct.-2021 13:56:57.301,3.20305215,46.07212706,14.63,9.935046,402.299072265625,170.5,9.39245319,0.55904609,3.7014358,0.03769343,2.34375,0,2.34375,62.35294342,49.01960754,14.32092571,14.27741051,74.50980377,-2.34375,10.87783051,2063,0.97421265,0.97125244,13.18000031,0.78999996,33,-,91,372.3999939,-,53
Thu Oct 28 13:56:57 GMT+02:00 2021,28-oct.-2021 13:56:58.302,3.20308199,46.07199736,14.84,9.935046,402.3822021484375,170.6,8.88847351,0.9636662,3.83670831,0.02184027,2.34375,0,2.34375,63.13725662,50.19607925,14.30567265,14.69999981,60.39215851,-0.78125,10.73279285,2122,0.97317505,1,13.92000008,0.80500001,33,-,91,372.3999939,-,55
Thu Oct 28 13:56:58 GMT+02:00 2021,28-oct.-2021 13:56:59.303,3.20311868,46.07186299,14.98,9.935046,402.53363037109375,170.3,8.95192051,0.87148941,3.81156921,0.01956243,2.34375,0,2.34375,62.74509811,49.80392075,14.9400053,14.89200497,58.82352829,-1.5625,10.5877552,2152,1.0163269,1.01306152,14.18000031,0.77999997,33,-,91,381.79998779,-,55
Thu Oct 28 13:56:59 GMT+02:00 2021,28-oct.-2021 13:57:00.303,3.20315292,46.07173058,15.02,9.935046,402.177978515625,170.0,8.90164185,0.51834464,3.81396341,0.01797041,2.34375,0,2.34375,60.7843132,49.01960754,15.03869915,14.91981792,59.2156868,-0.78125,10.5877552,2194,1.02304077,1.01495361,14.18000031,0.75,33,-,91,381.79998779,-,57
Thu Oct 28 13:57:00 GMT+02:00 2021,28-oct.-2021 13:57:01.304,3.20319129,46.07158081,15.74,9.935046,402.126953125,169.7,8.96867943,-0.82480246,3.93487048,0.05966058,1.5625,0,1.5625,60.7843132,49.41176605,15.0086422,14.99383831,57.25490189,0.78125,10.44271755,2224,1.02099609,1.01998901,14.43999958,0.73499995,33,-,91,393.20001221,-,58
Thu Oct 28 13:57:01 GMT+02:00 2021,28-oct.-2021 13:57:02.300,3.20323283,46.07143783,15.86,9.935046,403.0264892578125,170.8,9.14106178,0.42616791,3.95282698,0.02873405,2.34375,0,2.34375,60,49.41176605,14.94180012,15.0221014,59.60784149,0,10.44271755,2269,1.01644897,1.02191162,14.78999996,0.70999998,33,-,91,393.20001221,-,58
Thu Oct 28 13:57:02 GMT+02:00 2021,28-oct.-2021 13:57:03.301,3.20325671,46.07129201,16.25,9.935046,402.76025390625,171.2,9.21767616,1.06661689,3.63679242,0.02907064,1.5625,0,1.5625,58.4313736,47.84313583,15.07952213,15.04318523,67.45098114,2.34375,10.44271755,2285,1.02581787,1.02334595,14.52999973,0.66999996,33,-,91,393.20001221,-,59
Thu Oct 28 13:57:03 GMT+02:00 2021,28-oct.-2021 13:57:04.301,3.20328772,46.07114465,16.32,9.935046,402.7274169921875,171.0,8.91361332,0.67755908,3.82114601,-0.003237,2.34375,0,2.34375,57.64706039,46.66666794,14.88976097,15.05664349,53.72549057,1.5625,10.1526413,2312,1.01290894,1.02426147,14.27000046,0.65499997,33,-,91,404.29998779,-,59
Thu Oct 28 13:57:04 GMT+02:00 2021,28-oct.-2021 13:57:05.302,3.2033243,46.07099233,16.56,9.935046,402.66461181640625,170.8,8.99262142,0.85353291,4.50109911,0.01612238,0,0,0,17.64705849,9.8039217,14.86553574,29.39955139,48.62745285,3.90625,3.33586788,1878,1.01126099,1.99996948,3.33999991,0,33,-,91,404.29998779,-,59
Thu Oct 28 13:57:05 GMT+02:00 2021,28-oct.-2021 13:57:06.300,3.20336532,46.07084578,16.55,9.935046,403.09808349609375,170.4,9.01776028,0.89902276,3.8558619,0.01774708,0,0,0,23.13725471,43.13725662,14.94359398,13.77900696,0,0,3.77098107,1883,1.01657104,0.93734741,4.48000002,0.035,33,-,91,410.29998779,-,58
Thu Oct 28 13:57:06 GMT+02:00 2021,28-oct.-2021 13:57:07.302,3.20340406,46.07070459,16.3,9.935046,403.7750244140625,170.1,9.00578976,0.50038815,3.82593441,0.00735317,0.78125,0,3.125,63.92156982,48.23529434,13.39410114,13.77900696,23.52941132,-7.8125,9.86256599,1921,0.91116333,0.93734741,12.25,0.07,33,-,91,410.29998779,-,58
Thu Oct 28 13:57:07 GMT+02:00 2021,28-oct.-2021 13:57:08.301,3.20345063,46.07056316,16.19,9.935046,404.7672119140625,170.0,9.02614021,0.76494741,3.7289691,0.0244177,0.78125,0,0.78125,62.74509811,49.41176605,13.99568462,13.77900696,74.11764526,-0.78125,11.60301876,1931,0.9520874,0.93734741,11.69999981,0.14,33,-,91,414.8999939,-,59
Thu Oct 28 13:57:08 GMT+02:00 2021,28-oct.-2021 13:57:09.302,3.20348431,46.0704153,16.47,9.935046,405.78106689453125,170.3,8.789114,0.46567222,3.8474822,0.00151531,3.90625,0,3.125,69.41176605,51.37254715,13.87994289,13.77900696,80,0.78125,11.45798111,1961,0.94421387,0.93734741,13.57999992,0.69,33,-,91,414.8999939,-,60
Thu Oct 28 13:57:09 GMT+02:00 2021,28-oct.-2021 13:57:10.301,3.2035223,46.07027251,16.53,9.935046,405.7872314453125,170.4,8.98304462,0.70868373,4.05338335,0.02457145,2.34375,0,3.125,69.01960754,52.15686417,14.78837585,13.77900696,77.2549057,4.6875,11.60301876,1977,1.00601196,0.93734741,13.65999985,0.86500001,33,-,91,422.5,-,60
Thu Oct 28 13:57:10 GMT+02:00 2021,28-oct.-2021 13:57:11.303,3.20355472,46.07012835,16.57,9.935046,406.18963623046875,170.2,8.9219923,1.02591538,3.89177489,0.03006778,1.5625,0,1.5625,58.03921509,50.58823395,14.85342407,14.88303185,81.96078491,-4.6875,10.87783051,2000,1.01043701,1.01245117,11.56000042,0.82499999,33,-,91,422.5,-,60
Thu Oct 28 13:57:11 GMT+02:00 2021,28-oct.-2021 13:57:12.303,3.20358821,46.06998255,16.75,9.935046,406.5975341796875,170.2,8.73285103,0.73501992,3.82234311,0.01377859,1.5625,0,0.78125,61.56863022,46.66666794,14.80317974,14.94763184,73.72548676,4.6875,10.73279285,2009,1.00701904,1.0168457,12.10999966,0.78999996,32,-,91,430.3999939,-,61
Thu Oct 28 13:57:12 GMT+02:00 2021,28-oct.-2021 13:57:13.302,3.20362602,46.06983642,16.85,9.935046,406.64208984375,170.1,8.78791714,0.69551557,4.02225876,0.0252519,0.78125,0,0.78125,60.39215851,44.31372452,14.9193697,14.97544575,73.72548676,3.125,10.29767895,2032,1.0149231,1.01873779,11.97000027,0.77999997,32,-,91,430.3999939,-,62
Thu Oct 28 13:57:13 GMT+02:00 2021,28-oct.-2021 13:57:14.301,3.20366813,46.06968051,17.2,9.935046,406.1248779296875,170.1,9.58159542,0.68115038,4.18506479,0.04052138,0,0,0,57.25490189,43.52941132,14.92295837,15.0126791,81.1764679,-2.34375,10.44271755,2046,1.01516724,1.02127075,11.97000027,0.76499999,32,-,91,436.8999939,-,62
Thu Oct 28 13:57:14 GMT+02:00 2021,28-oct.-2021 13:57:15.302,3.2037004,46.06952753,17.19,9.935046,406.104736328125,170.2,8.88727665,0.86550391,3.75650239,0.00331621,0.78125,0,0.78125,55.68627548,42.74509811,15.10240173,15.0678587,70.98039246,2.34375,10.00760365,2057,1.02737427,1.02502441,11.48999977,0.755,32,-,91,436.8999939,-,62
Thu Oct 28 13:57:15 GMT+02:00 2021,28-oct.-2021 13:57:16.301,3.20373517,46.06937754,17.28,9.935046,406.208984375,170.3,9.01416969,0.36511576,3.86903,0.02930954,0.78125,0,0.78125,46.27450943,41.17647171,15.01043606,15.0678587,57.64706039,1.5625,9.28241539,2073,1.02111816,1.02502441,9.81999969,0.73499995,32,-,91,442.20001221,-,63
Thu Oct 28 13:57:16 GMT+02:00 2021,28-oct.-2021 13:57:17.304,3.20377594,46.06922075,17.46,9.935046,406.98760986328125,170.3,9.0788126,0.71945763,3.98873997,0.02695634,0.78125,0,0.78125,46.66666794,36.07843018,15.20333862,15.0678587,53.33333206,-1.5625,8.84730244,2078,1.03424072,1.02502441,10.06000042,0.72499996,32,-,91,442.20001221,-,63
Thu Oct 28 13:57:17 GMT+02:00 2021,28-oct.-2021 13:57:18.303,3.20381464,46.06906856,17.31,9.935046,406.81085205078125,170.3,8.94713211,0.49679685,4.00549936,0.04140878,0.78125,0,0.78125,44.31372452,34.50980377,15.10240173,15.0678587,61.17647171,-2.34375,8.70226383,2078,1.02737427,1.02502441,9.47000027,0.42499998,32,-,91,445.8999939,-,63
Thu Oct 28 13:57:18 GMT+02:00 2021,28-oct.-2021 13:57:19.303,3.20385462,46.06891444,17.54,9.935046,407.44635009765625,170.5,9.03212547,0.2645593,4.09169054,0.01338186,0.78125,0,0.78125,46.27450943,34.90196228,14.95077133,14.39719009,49.01960754,1.5625,8.55722618,2076,1.01705933,0.97940063,9.81999969,0.62,32,-,91,445.8999939,-,63
Thu Oct 28 13:57:19 GMT+02:00 2021,28-oct.-2021 13:57:20.302,3.20388602,46.0687619,17.61,9.935046,407.4874267578125,170.7,8.64306831,1.00556469,3.94325018,-0.00768629,0.78125,0,0.78125,45.09804153,34.90196228,15.01716614,15.06651306,51.37254715,0.78125,8.70226383,2081,1.02157593,1.02493286,9.69999981,0.39499998,32,-,91,449,-,63
Thu Oct 28 13:57:20 GMT+02:00 2021,28-oct.-2021 13:57:21.302,3.20392284,46.06860542,17.6,9.935046,407.78759765625,170.6,9.10634613,0.45609543,4.25210238,0.01798608,1.5625,0,1.5625,45.49019623,29.41176414,14.65289688,14.37700176,45.88235474,0,7.25188684,2080,0.99679565,0.97802734,9.69999981,0.205,32,-,91,449,-,63
Thu Oct 28 13:57:21 GMT+02:00 2021,28-oct.-2021 13:57:22.304,3.20395457,46.06845174,17.56,9.935046,407.6494140625,170.5,8.91002178,0.47046062,4.48673391,0.00689778,1.5625,0,1.5625,25.49019623,19.6078434,15.35272503,14.76190758,31.37254906,21.09375,5.07632065,2064,1.04440308,1.00421143,4.48000002,0.61500001,32,-,91,451.5,-,63
Thu Oct 28 13:57:22 GMT+02:00 2021,28-oct.-2021 13:57:23.303,3.2039884,46.06830103,17.43,9.935046,407.885986328125,170.4,8.49343014,0.46686932,4.41131639,0.02053945,9.375,0,9.375,17.64705849,9.8039217,14.53760433,29.39955139,0,0,3.48090577,2052,0.98895264,1.99996948,3.6400001,0.09,32,-,91,451.5,-,62
Thu Oct 28 13:57:23 GMT+02:00 2021,28-oct.-2021 13:57:24.300,3.20402474,46.06814587,17.31,9.935046,407.92523193359375,170.1,8.80347919,0.5291186,4.47236872,0.03436702,0,0,0,12.54901981,9.8039217,29.39955139,29.39955139,0,0,2.75571704,1998,1.99996948,1.99996948,2.57999992,0.005,32,-,91,451.79998779,-,60
Thu Oct 28 13:57:24 GMT+02:00 2021,28-oct.-2021 13:57:25.306,3.20406331,46.06799572,17.07,9.935046,407.9281005859375,170.1,8.62630844,0.64763159,4.45082092,0.01491789,0,0,0,12.54901981,9.4117651,29.39955139,29.39955139,0,0,2.61067939,1969,1.99996948,1.99996948,2.52999997,0,32,-,91,451.79998779,-,60
Thu Oct 28 13:57:25 GMT+02:00 2021,28-oct.-2021 13:57:26.304,3.20409832,46.06784354,16.58,9.935046,407.39453125,170.2,8.87410831,0.70748663,4.35026455,0.01748026,0,0,0,12.94117641,9.8039217,29.39955139,29.39955139,100,0,3.19083023,1903,1.99996948,1.99996948,2.52999997,0,33,-,91,449.6000061,-,59
Thu Oct 28 13:57:26 GMT+02:00 2021,28-oct.-2021 13:57:27.302,3.20414001,46.06769697,16.4,9.935046,407.81640625,170.5,8.83101273,0.80325466,4.31554842,0.01442589,0,0,0,12.94117641,9.8039217,29.39955139,29.39955139,0,0,2.61067939,1874,1.99996948,1.99996948,2.50999999,0,33,-,91,449.6000061,-,56
Thu Oct 28 13:57:27 GMT+02:00 2021,28-oct.-2021 13:57:28.301,3.20417359,46.06756093,15.72,9.935046,408.00677490234375,170.5,8.65025043,0.46686932,4.29639482,0.0159551,0,0,0,12.94117641,9.8039217,29.39955139,29.39955139,0,0,2.75571704,1816,1.99996948,1.99996948,2.3900001,0,33,-,91,447.6000061,-,55
Thu Oct 28 13:57:28 GMT+02:00 2021,28-oct.-2021 13:57:29.302,3.20420962,46.0674275,15.49,9.935046,408.5777587890625,170.5,8.62511158,0.62249243,4.59088182,0.02100989,0,0,0,17.64705849,13.33333302,29.39955139,29.39955139,0,0,3.33586788,1786,1.99996948,1.99996948,3.20000005,0,33,-,91,447.6000061,-,54
Thu Oct 28 13:57:29 GMT+02:00 2021,28-oct.-2021 13:57:30.303,3.20424459,46.06729213,15.19,9.935046,409.2911376953125,170.7,8.95670891,0.69910687,4.30357742,0.02228223,0,0,0,18.03921509,13.72549057,29.39955139,29.39955139,0,0,3.33586788,1744,1.99996948,1.99996948,3.20000005,0,33,-,91,445.6000061,-,53
Thu Oct 28 13:57:30 GMT+02:00 2021,28-oct.-2021 13:57:31.304,3.20427844,46.06715836,14.74,9.935046,409.414794921875,170.7,9.05487061,0.32800564,4.53342104,0.02767425,0,0,0,54.50980377,41.17647171,29.39955139,13.77900696,0,0,5.51143408,1197,1.99996948,0.93734741,5.11999989,0.015,33,-,91,445.6000061,-,51
Thu Oct 28 13:57:31 GMT+02:00 2021,28-oct.-2021 13:57:32.301,3.2043094,46.06702568,14.64,9.935046,408.6484375,170.7,8.77235508,0.70269817,4.46877766,0.02766431,0,0,0,11.76470566,9.4117651,29.39955139,29.39955139,0,0,2.90075469,1919,1.99996948,1.99996948,2.31999993,0.03,33,-,91,445.20001221,-,50
Thu Oct 28 13:57:32 GMT+02:00 2021,28-oct.-2021 13:57:33.301,3.2043354,46.06689146,14.69,9.935046,408.1072998046875,170.8,8.98304462,0.78410107,4.22337198,0.02738534,0,0,0,20.3921566,14.50980377,17.57782173,13.77900696,0,0,3.33586788,1873,1.19577026,0.93734741,3.86999989,0.035,33,-,91,445.20001221,-,49
Thu Oct 28 13:57:33 GMT+02:00 2021,28-oct.-2021 13:57:34.301,3.20436407,46.06677069,13.9,9.935046,408.25067138671875,170.7,8.99381828,0.64284313,4.17429066,0.01174673,3.90625,0,3.90625,26.27450943,19.6078434,14.65379333,13.77900696,0,-100,4.20609426,1860,0.99685669,0.93734741,5.86000013,0.055,33,-,90,446.20001221,-,48
Thu Oct 28 13:57:34 GMT+02:00 2021,28-oct.-2021 13:57:35.300,3.20439099,46.06665076,13.15,9.935046,407.7991943359375,170.7,8.88727665,0.59495914,3.80079532,0.02523472,7.03125,0,7.03125,38.4313736,29.01960754,13.66236877,13.77900696,9.4117651,1.5625,6.38166046,1862,0.92941284,0.93734741,7.01999998,0.105,33,-,90,446.20001221,-,48
Thu Oct 28 13:57:35 GMT+02:00 2021,28-oct.-2021 13:57:36.301,3.20441668,46.06653053,13.3,9.935046,407.8271484375,170.8,8.80587387,0.84874451,4.16112232,0.03828063,6.25,0,6.25,38.4313736,28.62745094,13.87770176,13.77900696,30.19607925,-3.90625,6.96181154,1861,0.94406128,0.93734741,7.17000008,0.11499999,33,-,90,447.8999939,-,48
Thu Oct 28 13:57:36 GMT+02:00 2021,28-oct.-2021 13:57:37.304,3.20444592,46.06640989,13.4,9.935046,407.6763916015625,170.9,8.9363575,0.90500826,4.17907906,0.01183907,5.46875,0,5.46875,39.2156868,29.80392075,13.93871212,13.77900696,36.07843018,0,7.3969245,1873,0.94821167,0.93734741,7.38000011,0.14,33,-,90,447.8999939,-,48
Thu Oct 28 13:57:37 GMT+02:00 2021,28-oct.-2021 13:57:38.302,3.20447068,46.06628852,13.4,9.935046,407.473876953125,170.4,9.01416969,0.74220252,4.02465296,0.02784392,7.03125,0,7.03125,38.4313736,27.84313774,13.88532734,13.77900696,25.88235283,4.6875,7.25188684,1881,0.94458008,0.93734741,7.26999998,0.155,33,-,90,448.8999939,-,48
Thu Oct 28 13:57:38 GMT+02:00 2021,28-oct.-2021 13:57:39.301,3.20449887,46.06617123,13.31,9.935046,406.74493408203125,169.9,9.1183176,0.44771573,4.0090909,0.01453323,7.03125,0,7.03125,37.64706039,28.62745094,13.78259563,13.77900696,26.66666603,0,7.10684919,1896,0.93759155,0.93734741,7.26999998,0.61000001,33,-,90,448.8999939,-,49
Thu Oct 28 13:57:39 GMT+02:00 2021,28-oct.-2021 13:57:40.304,3.20452785,46.0660534,12.89,9.935046,406.68701171875,169.5,8.75559521,0.65122288,4.07014275,-0.01971802,5.46875,0,5.46875,38.03921509,28.62745094,13.86469078,13.77900696,26.66666603,3.90625,7.10684919,1907,0.94317627,0.93734741,7.26999998,0.88999999,33,-,90,450.29998779,-,49
Thu Oct 28 13:57:40 GMT+02:00 2021,28-oct.-2021 13:57:41.303,3.20456252,46.06592182,13.71,9.935046,406.5240478515625,169.6,8.91600704,0.30047232,4.0114851,0.00978531,5.46875,0,5.46875,36.07843018,27.45098114,14.03426552,13.77900696,20,4.6875,6.67173576,1923,0.95471191,0.93734741,7.01999998,0.88499999,33,-,90,450.29998779,-,50
Thu Oct 28 13:57:41 GMT+02:00 2021,28-oct.-2021 13:57:42.302,3.20458893,46.06580382,13.83,9.935046,406.02801513671875,170.3,9.3493576,0.5374983,4.24731398,0.04672115,5.46875,0,5.46875,35.29411697,27.05882263,13.8871212,13.77900696,19.2156868,8.59375,6.67173576,1941,0.94470215,0.93734741,6.86999989,0.87,33,-,90,450.29998779,-,50
Thu Oct 28 13:57:42 GMT+02:00 2021,28-oct.-2021 13:57:43.302,3.20462035,46.06568026,13.93,9.935046,405.9996337890625,170.7,8.9710741,0.79248077,4.09528208,0.02899492,4.6875,0,4.6875,36.07843018,26.66666603,15.10240173,14.89424706,15.68627453,-0.78125,6.23662281,1949,1.02737427,1.01321411,6.34000015,0.83499998,33,-,90,451.79998779,-,50
Thu Oct 28 13:57:43 GMT+02:00 2021,28-oct.-2021 13:57:44.302,3.20464482,46.06555705,13.91,9.935046,405.7984619140625,171.1,8.9411459,0.67157358,4.15154552,0.00915107,5.46875,0,5.46875,33.72549057,25.09803963,15.17238426,14.92206097,9.4117651,3.90625,5.80150938,1958,1.03213501,1.0151062,6.23999977,0.81,33,-,90,451.79998779,-,50
Thu Oct 28 13:57:44 GMT+02:00 2021,28-oct.-2021 13:57:45.304,3.20467661,46.06543067,14.19,9.935046,405.514404296875,170.8,8.78791714,0.4333505,4.17668486,0.00837178,5.46875,0,5.46875,30.98039246,22.74509811,15.18359947,14.97768784,8.62745094,1.5625,5.51143408,1958,1.03289795,1.01889038,6.1500001,0.79999995,33,-,90,453.20001221,-,50
Thu Oct 28 13:57:45 GMT+02:00 2021,28-oct.-2021 13:57:46.302,3.20470805,46.06530631,14.11,9.935046,405.8258056640625,170.6,8.74482155,0.79607207,4.15274286,0.01646615,6.25,0,6.25,28.23529434,21.56862831,15.11182213,15.00550175,7.05882359,4.6875,5.22135878,1959,1.02801514,1.02078247,5.57999992,0.78499997,33,-,90,453.20001221,-,50
Thu Oct 28 13:57:46 GMT+02:00 2021,28-oct.-2021 13:57:47.302,3.20473533,46.06518487,13.99,9.935046,405.446533203125,170.7,9.00100136,0.77452427,4.175488,0.04205686,6.25,0,6.25,29.41176605,20.7843132,15.30517292,15.0678587,5.49019623,13.28125,4.931283,1956,1.04116821,1.02502441,5.42000008,0.77999997,33,-,90,454.3999939,-,51
Thu Oct 28 13:57:47 GMT+02:00 2021,28-oct.-2021 13:57:48.302,3.20476875,46.06506212,14.05,9.935046,405.5809326171875,170.5,9.03212547,0.60214174,4.14795446,0.03426049,7.03125,0,7.8125,27.84313774,21.1764698,15.341959,15.0678587,4.31372547,3.90625,4.931283,1945,1.04367065,1.02502441,5.36999989,0.76999998,33,-,90,455.5,-,50
Thu Oct 28 13:57:48 GMT+02:00 2021,28-oct.-2021 13:57:49.303,3.20480004,46.06493905,14.01,9.935046,405.4674072265625,170.3,8.80467701,-0.72544312,3.7014358,0.00652483,7.8125,0,7.8125,43.92156982,31.37254906,14.7251215,15.0678587,11.37254906,-4.6875,7.25188684,1932,1.00170898,1.02502441,8.52000046,0.76499999,33,-,90,455.5,-,50
Thu Oct 28 13:57:49 GMT+02:00 2021,28-oct.-2021 13:57:50.301,3.2048271,46.06481743,13.72,9.935046,405.31103515625,173.3,10.02931118,0.56622869,4.27604437,0.02109022,6.25,0,6.25,44.70588303,33.33333206,14.98441792,15.0678587,28.23529434,5.46875,7.68700027,1933,1.01934814,1.02502441,8.64000034,0.71999997,33,-,90,455.5,-,50
Thu Oct 28 13:57:50 GMT+02:00 2021,28-oct.-2021 13:57:51.301,3.20484492,46.06468674,13.92,9.935046,405.83465576171875,175.0,8.82502747,1.54186594,4.38378334,0.03533952,6.25,0,6.25,44.31372452,33.33333206,14.74710369,14.48735905,20,4.6875,7.97707558,1944,1.00320435,0.98553467,8.57999992,0.35499999,33,-,90,457.70001221,-,50
Thu Oct 28 13:57:51 GMT+02:00 2021,28-oct.-2021 13:57:52.304,3.20486443,46.06455981,13.98,9.935046,405.7764892578125,173.8,8.57603073,1.00436759,3.78283858,0.01505788,7.8125,0,7.8125,32.15686417,24.31372643,15.52857971,14.48287296,8.62745094,14.84375,5.80150938,1946,1.05636597,0.98522949,6.28999996,0.13499999,32,-,90,457.70001221,-,50
Thu Oct 28 13:57:52 GMT+02:00 2021,28-oct.-2021 13:57:53.303,3.20489595,46.0644331,14.1,9.935046,405.821533203125,170.6,9.14465332,0.66439098,4.1683054,0.01404284,8.59375,0,8.59375,31.76470566,24.70588303,14.57079983,14.4218626,8.62745094,0,5.80150938,1942,0.99121094,0.9810791,6.38999987,0.25,32,-,90,459.70001221,-,50
Thu Oct 28 13:57:53 GMT+02:00 2021,28-oct.-2021 13:57:54.300,3.20492139,46.06430971,13.86,9.935046,405.8931884765625,170.8,9.00339508,0.5351041,4.14915133,0.01276748,7.8125,0,7.8125,34.11764908,24.70588303,14.549716,14.70179462,10.1960783,3.90625,5.94654703,1934,0.98977661,1.00012207,6.63000011,0.64999998,32,-,90,459.70001221,-,50
Thu Oct 28 13:57:54 GMT+02:00 2021,28-oct.-2021 13:57:55.304,3.20495027,46.06418686,13.91,9.935046,406.12127685546875,170.9,8.51378155,0.69431847,4.02465296,0.01675442,7.8125,0,7.8125,36.86274719,28.23529434,14.61162376,14.40526485,13.33333302,0,6.23662281,1929,0.99398804,0.97994995,7.17000008,0.17,32,-,90,461,-,50
Thu Oct 28 13:57:55 GMT+02:00 2021,28-oct.-2021 13:57:56.303,3.20497652,46.06406368,13.87,9.935046,405.91424560546875,170.5,8.9758625,0.58897364,3.94444728,0.01920534,8.59375,0,8.59375,36.47058868,27.84313774,14.63495159,14.3792448,13.72549057,2.34375,6.52669811,1928,0.99557495,0.97817993,7.01999998,0.47,32,-,90,461,-,50
Thu Oct 28 13:57:56 GMT+02:00 2021,28-oct.-2021 13:57:57.302,3.20500789,46.063938,13.91,9.935046,405.9605712890625,170.3,8.9459343,0.50517654,3.98395157,0.01294983,8.59375,0.78125,9.375,36.86274719,27.45098114,14.82246971,14.61162376,12.94117641,7.03125,6.52669811,1925,1.0083313,0.99398804,7.44000006,0.57999998,32,-,90,462.3999939,-,50
Thu Oct 28 13:57:57 GMT+02:00 2021,28-oct.-2021 13:57:58.302,3.20503717,46.0638146,13.9,9.935046,406.07208251953125,170.5,8.98184776,0.31004912,4.08570528,0.02833525,9.375,0.78125,9.375,38.03921509,29.01960754,14.74710369,14.53536129,14.11764717,-5.46875,6.67173576,1934,1.00320435,0.98880005,7.38000011,0.59499997,32,-,91,462.3999939,-,50
Thu Oct 28 13:57:58 GMT+02:00 2021,28-oct.-2021 13:57:59.303,3.20506793,46.06369062,13.84,9.935046,406.0323486328125,171.1,9.83178902,0.61171854,4.32512522,0.0429881,9.375,0.78125,9.375,41.96078491,31.76470566,14.69461632,14.6318121,32.15686417,0,7.83203793,1945,0.99963379,0.99536133,8.22000027,0.59999996,32,-,91,464.1000061,-,50
Thu Oct 28 13:57:59 GMT+02:00 2021,28-oct.-2021 13:58:00.303,3.20509594,46.06356501,13.96,9.935046,405.8798828125,171.4,9.1278944,0.73382282,3.91212559,0.02085833,9.375,0.78125,9.375,41.96078491,32.15686417,14.72018719,14.40705872,27.84313774,-3.90625,7.83203793,1957,1.00137329,0.98007202,8.22000027,0.57999998,32,-,91,464.1000061,-,50
Thu Oct 28 13:58:00 GMT+02:00 2021,28-oct.-2021 13:58:01.302,3.20512349,46.06344213,13.96,9.935046,406.1597900390625,171.3,8.9950161,0.66558808,4.02465296,0.01346651,9.375,0.78125,9.375,40.39215851,29.41176414,14.7385807,14.4093008,24.70588303,-1.5625,7.3969245,1965,1.00262451,0.98022461,7.94000006,0.51999998,32,-,91,466,-,51
Thu Oct 28 13:58:01 GMT+02:00 2021,28-oct.-2021 13:58:02.303,3.20515198,46.0633142,14.2,9.935046,406.46612548828125,171.2,9.147048,0.48243165,4.13119507,0.02332634,10.15625,0.78125,10.15625,36.07843018,27.05882263,14.51023865,14.48825645,25.49019623,0.78125,6.81677389,1964,0.98709106,0.9855957,7.01999998,0.56,32,-,91,466,-,51
Thu Oct 28 13:58:02 GMT+02:00 2021,28-oct.-2021 13:58:03.303,3.20518284,46.06318775,14.12,9.935046,406.6446533203125,170.7,9.30985355,0.70988083,4.10246468,0.02559614,10.15625,0.78125,10.15625,34.50980377,25.88235283,14.63898945,14.48377037,18.03921509,0.78125,6.38166046,1959,0.99584961,0.98529053,6.78000021,0.565,32,-,91,467.29998779,-,51
Thu Oct 28 13:58:03 GMT+02:00 2021,28-oct.-2021 13:58:04.300,3.20521141,46.06306417,14.07,9.935046,406.63397216796875,170.6,8.82023907,0.63446343,4.13358927,0.00158197,10.9375,0.78125,10.9375,34.90196228,26.27450943,14.65917587,14.45909786,14.50980377,3.90625,6.23662281,1937,0.9972229,0.98361206,6.92000008,0.565,32,-,91,467.29998779,-,50
Thu Oct 28 13:58:04 GMT+02:00 2021,28-oct.-2021 13:58:05.301,3.20524341,46.06294007,13.97,9.935046,406.9464111328125,170.8,8.99142456,1.08816469,4.11922407,0.02296224,10.9375,0.78125,10.9375,40,33.33333206,14.42545128,14.43307781,21.96078491,-4.6875,7.83203793,1924,0.98132324,0.98184204,7.88000011,0.55500001,32,-,91,468.29998779,-,50
Thu Oct 28 13:58:05 GMT+02:00 2021,28-oct.-2021 13:58:06.303,3.20527064,46.06281538,13.92,9.935046,407.01763916015625,171.2,9.11592293,0.86310971,4.0019083,0.0190161,10.9375,0.78125,10.9375,47.05882263,34.90196228,14.36219788,14.41513443,33.33333206,-2.34375,8.26715088,1928,0.97702026,0.98062134,9.10999966,0.55500001,32,-,91,468.29998779,-,50
Thu Oct 28 13:58:06 GMT+02:00 2021,28-oct.-2021 13:58:07.300,3.20529977,46.06269118,13.92,9.935046,407.0111083984375,171.0,8.86453152,0.81283146,3.99233127,0.03298025,10.9375,0.78125,10.9375,46.66666794,34.90196228,14.41647911,14.41019821,39.2156868,0.78125,8.55722618,1937,0.98071289,0.98028564,9.10999966,0.55500001,32,-,91,469.8999939,-,50
Thu Oct 28 13:58:07 GMT+02:00 2021,28-oct.-2021 13:58:08.302,3.20532684,46.06256625,14.05,9.935046,407.0894775390625,171.0,8.91002178,1.03309798,3.96958637,0.02463846,10.9375,0.78125,10.9375,50.98039246,40.39215851,14.56541634,14.38776779,42.74509811,-1.5625,9.13737774,1956,0.99084473,0.97875977,10,0.55000001,32,-,91,469.8999939,-,51
Thu Oct 28 13:58:08 GMT+02:00 2021,28-oct.-2021 13:58:09.302,3.20535744,46.06244127,14.0,9.935046,407.36669921875,170.9,9.33738708,0.80564886,4.24013138,0.01849125,11.71875,0.78125,11.71875,51.37255096,36.47058868,14.37655258,14.42545128,42.35293961,-1.5625,8.84730244,1956,0.97799683,0.98132324,10.06000042,0.55500001,32,-,91,472.09997559,-,50
Thu Oct 28 13:58:09 GMT+02:00 2021,28-oct.-2021 13:58:10.302,3.20538487,46.06231364,14.15,9.935046,407.35797119140625,170.9,9.10993767,0.55545479,4.03183556,0.00278321,11.71875,0.78125,11.71875,46.27450943,35.68627548,14.37341213,14.44519043,50.98039246,-1.5625,8.70226383,1950,0.9777832,0.98266602,9.06000042,0.56,32,-,91,472.09997559,-,51
Thu Oct 28 13:58:10 GMT+02:00 2021,28-oct.-2021 13:58:11.300,3.20541395,46.06218931,14.13,9.935046,407.326904296875,170.9,9.02853489,0.50038815,3.98634577,0.01960601,11.71875,0.78125,11.71875,46.66666794,35.29411697,14.61700726,14.45102215,34.50980377,6.25,8.84730244,1974,0.99435425,0.98306274,9.22999954,0.56999999,32,-,91,474.20001221,-,51
Thu Oct 28 13:58:11 GMT+02:00 2021,28-oct.-2021 13:58:12.303,3.20544815,46.06206277,14.27,9.935046,407.61956787109375,170.9,9.10155773,0.8762778,3.93965888,0.02871539,12.5,0.78125,12.5,56.07843399,42.74509811,14.43666649,14.55285645,45.49019623,-4.6875,10.00760365,2018,0.98208618,0.98999023,11.76000023,0.57499999,32,-,91,474.20001221,-,52
Thu Oct 28 13:58:12 GMT+02:00 2021,28-oct.-2021 13:58:13.301,3.20547664,46.06193526,14.45,9.935046,407.6817626953125,170.9,9.32781029,0.69431847,3.59249973,0.02012221,11.71875,0.78125,12.5,58.8235321,45.09803772,14.88303185,14.67263508,48.23529434,0,10.00760365,2039,1.01245117,0.99813843,12.63000011,0.59999996,32,-,91,477.29998779,-,53
Thu Oct 28 13:58:13 GMT+02:00 2021,28-oct.-2021 13:58:14.303,3.20550848,46.06180511,14.69,9.935046,407.7275390625,170.8,9.08120728,0.74818802,3.67629671,0.01157545,12.5,0.78125,13.28125,69.41176605,53.33333206,14.86374187,14.69955158,42.74509811,7.03125,11.45798111,2104,1.01113892,0.99996948,15.23999977,0.61000001,32,-,91,477.29998779,-,54
Thu Oct 28 13:58:14 GMT+02:00 2021,28-oct.-2021 13:58:15.301,3.20553642,46.06167037,15.07,9.935046,407.63873291015625,170.7,9.50019264,0.79607207,3.54820681,0.01522696,13.28125,0.78125,13.28125,68.62744904,55.29411697,14.74530888,14.70986843,42.74509811,1.5625,11.45798111,2154,1.00308228,1.00067139,15.60000038,0.59999996,31,-,91,484.29998779,-,56
Thu Oct 28 13:58:15 GMT+02:00 2021,28-oct.-2021 13:58:16.304,3.20556843,46.06153264,15.51,9.935046,407.6490478515625,170.4,9.50498104,0.4429273,3.55658674,0.04485378,14.0625,0.78125,14.0625,67.84313965,55.29411697,14.64347458,14.61969852,43.13725662,-1.5625,11.31294346,2238,0.99615479,0.99453735,16.31999969,0.59499997,31,-,91,484.29998779,-,57
Thu Oct 28 13:58:16 GMT+02:00 2021,28-oct.-2021 13:58:17.301,3.20560649,46.06139016,15.99,9.935046,407.80859375,170.5,8.99621296,0.51355624,3.76488209,0.01859511,14.0625,0.78125,14.0625,66.66666412,55.68627548,14.63495159,14.68071079,36.86274338,0.78125,11.31294346,2282,0.99557495,0.99868774,16.70999908,0.58999997,31,-,91,492.79998779,-,59
Thu Oct 28 13:58:17 GMT+02:00 2021,28-oct.-2021 13:58:18.302,3.20564226,46.06124323,16.48,9.935046,407.68719482421875,170.8,8.68257236,0.70628953,4.20421839,0.01464,14.0625,0.78125,14.0625,61.17647171,56.07843018,14.68071079,14.5434351,38.82352829,-0.78125,10.44271755,2350,0.99868774,0.98934937,16.04999924,0.58999997,31,-,91,492.79998779,-,60
Thu Oct 28 13:58:18 GMT+02:00 2021,28-oct.-2021 13:58:19.301,3.20567412,46.06109169,16.91,9.935046,407.375732421875,170.9,8.80347919,0.62967503,4.28442383,0.00990601,0,0.78125,0,15.29411793,10.5882349,29.39955139,29.39955139,0,0,3.04579258,1790,1.99996948,1.99996948,2.8900001,0,31,-,91,502.20001221,-,60
Thu Oct 28 13:58:19 GMT+02:00 2021,28-oct.-2021 13:58:20.302,3.20571082,46.06094093,16.88,9.935046,407.54693603515625,170.9,8.98304462,0.9672575,3.50271702,0.01558484,4.6875,0.78125,4.6875,62.35294342,62.74509811,14.99652958,13.77900696,31.37254906,-10.15625,12.03813267,1993,1.02017212,0.93734741,12.47000027,0.045,31,-,91,502.20001221,-,61
Thu Oct 28 13:58:20 GMT+02:00 2021,28-oct.-2021 13:58:21.301,3.20574614,46.06079607,16.94,9.935046,407.720458984375,170.8,9.46308231,0.65840548,3.84269381,0.03609014,17.96875,0.78125,17.96875,76.47058868,59.60784149,14.2195406,13.77900696,72.54901886,-1.5625,12.32820797,2070,0.96731567,0.93734741,16.22999954,0.38499999,31,-,91,512.5,-,63
Thu Oct 28 13:58:21 GMT+02:00 2021,28-oct.-2021 13:58:22.301,3.20578675,46.06064649,17.41,9.935046,407.8480224609375,170.4,9.53610516,0.93613285,4.05577755,0.03272649,18.75,0.78125,18.75,73.72549438,57.64706039,13.96383381,13.77900696,77.64705658,0,12.32820797,2149,0.94992065,0.93734741,16.31999969,0.67500001,31,-,91,512.5,-,64
Thu Oct 28 13:58:22 GMT+02:00 2021,28-oct.-2021 13:58:23.302,3.20582652,46.06048983,17.94,9.935046,407.85260009765625,170.1,8.45512295,0.50278234,3.69545031,0.02426744,21.09375,0.78125,20.3125,71.37255096,57.64706039,13.86469078,13.77900696,77.64705658,0,12.32820797,2195,0.94317627,0.93734741,16.61000061,0.82499999,31,-,91,531.5,-,66
Thu Oct 28 13:58:23 GMT+02:00 2021,28-oct.-2021 13:58:24.300,3.20586779,46.06032794,18.48,9.935046,407.844482421875,170.0,8.96389103,0.4297592,4.08091688,0.0134488,17.1875,0.78125,17.1875,65.49019623,10.98039246,15.08131695,29.39955139,75.68627167,99.21875,11.89309406,2226,1.02593994,1.99996948,15.60000038,0.76999998,31,-,91,531.5,-,67
Thu Oct 28 13:58:24 GMT+02:00 2021,28-oct.-2021 13:58:25.300,3.20591093,46.06015949,18.83,9.935046,407.3494873046875,169.9,9.02374649,0.66798228,4.19344425,0.05217233,0,0.78125,0,18.4313736,17.64705849,29.39955139,14.83458233,0,99.21875,3.62594342,2006,1.99996948,1.00915527,4.76000023,0.76499999,31,-,91,539.5,-,66
Thu Oct 28 13:58:25 GMT+02:00 2021,28-oct.-2021 13:58:26.300,3.20595171,46.05999193,18.64,9.935046,407.0484619140625,170.3,9.0644474,0.9540894,3.7062242,0.00721749,10.9375,0.78125,10.9375,58.8235321,51.76470566,14.73364544,14.49319172,29.80392075,-9.375,8.55722618,1993,1.00228882,0.9859314,14.43999958,0.05,31,-,91,539.5,-,67
Thu Oct 28 13:58:26 GMT+02:00 2021,28-oct.-2021 13:58:27.301,3.20598991,46.05982577,18.76,9.935046,407.21240234375,170.3,9.03571701,0.92655605,3.881001,0.02304189,16.40625,0.78125,17.1875,67.45098114,48.62745285,14.3357296,14.4581995,70.58823395,-34.375,10.87783051,2043,0.97521973,0.98355103,12.94999981,0.08,31,-,91,545.5,-,69
Thu Oct 28 13:58:27 GMT+02:00 2021,28-oct.-2021 13:58:28.301,3.20602898,46.05965503,19.09,9.935046,406.849365234375,170.3,9.14944172,0.70150107,3.99592257,0.03049958,17.96875,0.78125,17.96875,61.56863022,46.27450943,14.60444546,14.40660954,81.5686264,-0.78125,11.02286816,2063,0.99349976,0.9800415,13.10000038,0.155,31,-,91,545.5,-,70
Thu Oct 28 13:58:28 GMT+02:00 2021,28-oct.-2021 13:58:29.304,3.2060703,46.05948642,19.23,9.935046,405.96905517578125,170.4,9.41878986,0.9804256,3.8558619,0.01963008,20.3125,0.78125,20.3125,60.39215851,47.45098114,14.51248074,14.37206745,84.70587921,-1.5625,10.87783051,2119,0.98724365,0.97769165,13.26000023,0.19,31,-,91,550.20001221,-,71
Thu Oct 28 13:58:29 GMT+02:00 2021,28-oct.-2021 13:58:30.301,3.20611223,46.05930624,19.75,9.935046,405.210693359375,170.5,9.13986492,0.66199678,4.13598347,0.02286314,20.3125,0.78125,20.3125,65.09803772,49.80392075,14.26036453,14.32092571,73.72548676,7.03125,11.16790581,2141,0.97009277,0.97421265,14.61999989,0.22499999,31,-,91,550.20001221,-,72
Thu Oct 28 13:58:30 GMT+02:00 2021,28-oct.-2021 13:58:31.305,3.20616049,46.05912733,20.16,9.935046,404.87371826171875,170.4,8.52934361,0.69192427,3.97198057,0.03119858,19.53125,0.78125,19.53125,60,49.41176605,14.28369141,14.28817654,84.31372833,-4.6875,11.16790581,2189,0.97167969,0.97198486,14.01000023,0.47,30,-,91,556.5,-,74
Thu Oct 28 13:58:31 GMT+02:00 2021,28-oct.-2021 13:58:32.302,3.20620306,46.05894591,20.51,9.935046,404.3402099609375,170.5,8.81904221,0.69192427,4.0090909,0.02428311,17.96875,0.78125,17.96875,60.39215851,49.41176605,14.62104511,14.63809299,83.52941132,0,11.16790581,2211,0.99462891,0.99578857,14.27000046,0.59499997,30,-,91,556.5,-,75
Thu Oct 28 13:58:32 GMT+02:00 2021,28-oct.-2021 13:58:33.302,3.20625008,46.05875993,20.66,9.935046,404.78875732421875,170.7,8.95670891,0.72903442,3.7313633,0.02022797,17.1875,0.78125,17.1875,61.17647171,45.49019623,14.62104511,14.59367943,86.27451324,-2.34375,10.73279285,2239,0.99462891,0.99276733,13.5,0.58999997,30,-,91,562.79998779,-,76
Thu Oct 28 13:58:33 GMT+02:00 2021,28-oct.-2021 13:58:34.301,3.20628506,46.05857514,20.78,9.935046,404.6605224609375,170.9,8.71848583,0.57341129,3.74453139,0.05388859,18.75,0.78125,18.75,55.68627548,45.49019623,14.55958462,14.55285645,88.62744904,0,10.5877552,2252,0.990448,0.98999023,13.57999992,0.57999998,30,-,91,562.79998779,-,76
Thu Oct 28 13:58:34 GMT+02:00 2021,28-oct.-2021 13:58:35.302,3.20633217,46.05838395,21.18,9.935046,404.2840576171875,170.6,8.96149731,0.61650693,3.96240377,-0.01111546,18.75,0.78125,18.75,56.07843399,46.66666794,14.73185062,14.61252117,84.70587921,2.34375,10.73279285,2271,1.00216675,0.99404907,14.10000038,0.58999997,30,-,91,567.70001221,-,77
Thu Oct 28 13:58:35 GMT+02:00 2021,28-oct.-2021 13:58:36.303,3.20637056,46.05819695,21.32,9.935046,404.092041015625,170.6,9.18894577,0.76494741,3.88698649,0.02774916,20.3125,0.78125,20.3125,54.50980377,44.70588303,14.6721859,14.62777328,87.05882263,0,10.73279285,2280,0.99810791,0.99508667,13.84000015,0.59499997,30,-,91,567.70001221,-,77
Thu Oct 28 13:58:36 GMT+02:00 2021,28-oct.-2021 13:58:37.304,3.20641022,46.05800716,21.44,9.935046,404.410888671875,170.6,8.96628571,0.84994161,4.11323833,0.03190066,20.3125,0.78125,20.3125,57.25490189,47.05882263,14.75562763,14.68026161,77.64705658,-0.78125,10.73279285,2284,1.00378418,0.99865723,13.92000008,0.59999996,30,-,91,571.59997559,-,77
Thu Oct 28 13:58:37 GMT+02:00 2021,28-oct.-2021 13:58:38.301,3.20645556,46.05781654,21.4,9.935046,404.45855712890625,170.6,9.30027676,0.80804306,4.35624981,0.03851655,21.09375,0.78125,21.09375,55.29411697,45.49019623,14.60758591,14.70403767,86.27451324,-3.125,10.5877552,2286,0.99371338,1.00027466,13.92000008,0.60499996,30,-,91,571.59997559,-,77
Thu Oct 28 13:58:38 GMT+02:00 2021,28-oct.-2021 13:58:39.302,3.20650356,46.0576274,21.23,9.935046,405.0537109375,170.6,8.89565659,0.54707509,4.23294878,0.02759628,20.3125,0.78125,20.3125,56.47058868,46.27450943,14.79645061,14.73544025,87.05882263,1.5625,10.87783051,2279,1.00656128,1.00241089,14.01000023,0.60499996,30,-,91,575.59997559,-,77
Thu Oct 28 13:58:39 GMT+02:00 2021,28-oct.-2021 13:58:40.304,3.20654792,46.0574404,21.12,9.935046,405.1392822265625,170.7,9.29907894,0.28131869,4.08809948,0.03889924,22.65625,0.78125,22.65625,65.49019623,52.94117737,14.69147587,14.73409367,88.23529053,3.125,11.74805641,2271,0.99942017,1.00231934,16.22999954,0.61500001,30,-,91,575.59997559,-,77
Thu Oct 28 13:58:40 GMT+02:00 2021,28-oct.-2021 13:58:41.303,3.20659487,46.0572409,21.47,9.935046,404.6422119140625,171.0,8.97945309,0.56144029,3.93247628,0.00262685,21.875,0.78125,21.875,67.05882263,50.19607925,14.47165775,14.75293541,78.8235321,-2.34375,11.31294346,2269,0.98446655,1.00360107,15.60000038,0.58499998,30,-,91,583,-,77
Thu Oct 28 13:58:41 GMT+02:00 2021,28-oct.-2021 13:58:42.301,3.20663099,46.05703885,21.53,9.935046,404.75469970703125,171.4,9.11711979,0.82001406,3.91451979,-0.01062317,22.65625,0.78125,22.65625,65.49019623,53.72549057,15.00505352,14.76101017,74.11764526,-3.125,11.74805641,2267,1.02075195,1.00415039,16.13999939,0.60499996,30,-,91,583,-,77
Thu Oct 28 13:58:42 GMT+02:00 2021,28-oct.-2021 13:58:43.302,3.20667491,46.05684456,21.6,9.935046,404.6163330078125,171.5,8.93994904,0.84994161,4.13957453,0.0364962,24.21875,0.78125,24.21875,67.05882263,54.90196228,14.72332764,14.74037457,79.21568298,-3.125,11.89309406,2270,1.00158691,1.00274658,16.61000061,0.61000001,30,-,91,589.79998779,-,77
Thu Oct 28 13:58:43 GMT+02:00 2021,28-oct.-2021 13:58:44.301,3.20671639,46.05666208,21.32,9.935046,405.140869140625,171.5,8.9411459,0.83318222,3.69664741,0.01291027,23.4375,0.78125,23.4375,67.05882263,55.29411697,14.7385807,14.63629818,81.5686264,-6.25,11.74805641,2277,1.00262451,0.9956665,16.61000061,0.55500001,30,-,91,589.79998779,-,77
Thu Oct 28 13:58:44 GMT+02:00 2021,28-oct.-2021 13:58:45.300,3.20676085,46.05647864,21.25,9.935046,405.373291015625,171.6,8.42519569,0.4369418,3.43448234,-0.01005585,24.21875,0.78125,23.4375,66.66666412,54.11764526,14.56541634,14.62867165,74.50980377,13.28125,11.74805641,2285,0.99084473,0.99514771,16.40999985,0.61000001,30,-,91,597.09997559,-,77
Thu Oct 28 13:58:45 GMT+02:00 2021,28-oct.-2021 13:58:46.300,3.20680599,46.05628648,21.47,9.935046,406.19573974609375,171.6,9.03691387,0.62249243,4.02704716,-0.00688943,23.4375,0.78125,23.4375,65.09803772,53.72549057,14.64437199,14.74575806,83.92156982,7.03125,11.74805641,2297,0.99621582,1.00311279,16.31999969,0.59999996,30,-,91,597.09997559,-,77
Thu Oct 28 13:58:46 GMT+02:00 2021,28-oct.-2021 13:58:47.303,3.20684723,46.05609884,21.52,9.935046,406.734130859375,171.5,9.13148499,0.9504981,4.26527023,0.05228616,24.21875,0.78125,24.21875,65.88235474,53.72549057,14.52459335,14.71345806,89.41176605,-0.78125,11.74805641,2302,0.98806763,1.00091553,16.61000061,0.58999997,30,-,91,604.29998779,-,78
Thu Oct 28 13:58:47 GMT+02:00 2021,28-oct.-2021 13:58:48.300,3.20688958,46.05590383,21.54,9.935046,407.3131103515625,171.0,9.07282734,0.75417352,3.90374589,0.02005698,24.21875,1.5625,23.4375,64.31372833,53.33333206,14.71166325,14.50126648,78.4313736,-0.78125,11.74805641,2308,1.00079346,0.98648071,16.40999985,0.59999996,30,-,91,604.29998779,-,78
Thu Oct 28 13:58:48 GMT+02:00 2021,28-oct.-2021 13:58:49.301,3.20693387,46.05570949,21.67,9.935046,407.64111328125,170.9,9.11711979,0.65122288,3.99951386,0.04668609,23.4375,1.5625,23.4375,63.13725662,56.07843018,14.75876713,14.50395775,82.35294342,0,11.74805641,2310,1.0039978,0.98666382,15.96000004,0.59499997,30,-,91,609.70001221,-,78
Thu Oct 28 13:58:49 GMT+02:00 2021,28-oct.-2021 13:58:50.301,3.20697909,46.05551219,21.68,9.935046,408.0738525390625,170.8,9.93474007,0.73142862,4.35026455,0.05051861,24.21875,1.5625,24.21875,63.92156982,52.94117737,14.50126648,14.72871017,82.7450943,-4.6875,11.60301876,2309,0.98648071,1.00195312,16.22999954,0.55000001,30,-,91,609.70001221,-,78
Thu Oct 28 13:58:50 GMT+02:00 2021,28-oct.-2021 13:58:51.303,3.20702683,46.05531931,21.67,9.935046,409.0872802734375,170.7,8.49343014,0.21428105,4.08809948,0.01333311,23.4375,1.5625,21.875,58.8235321,23.92156792,14.57932377,14.5111351,87.05882263,0,5.51143408,2299,0.99179077,0.9871521,14.88000011,0.58499998,30,-,91,612.79998779,-,78
Thu Oct 28 13:58:51 GMT+02:00 2021,28-oct.-2021 13:58:52.303,3.20707122,46.05512852,21.45,9.935046,409.20428466796875,170.7,8.45632076,0.65601128,4.46279192,0.04622885,22.65625,1.5625,30.46875,12.54901981,10.1960783,15.62189007,29.39955139,0,0,2.75571704,2206,1.06271362,1.99996948,2.94000006,0.49499997,30,-,91,612.79998779,-,74
Thu Oct 28 13:58:52 GMT+02:00 2021,28-oct.-2021 13:58:53.301,3.20711702,46.05494325,20.82,9.935046,410.080322265625,170.8,8.74960995,0.68354458,4.46159506,0.02561456,0,1.5625,0,12.94117641,10.1960783,29.39955139,29.39955139,0,0,2.61067939,2136,1.99996948,1.99996948,2.8599999,0,30,-,91,612.79998779,-,72
Thu Oct 28 13:58:53 GMT+02:00 2021,28-oct.-2021 13:58:54.300,3.20716075,46.05476621,20.02,9.935046,410.5167236328125,170.8,8.75559521,0.67277068,4.36822081,0.02037094,0,1.5625,0,13.33333397,9.8039217,29.39955139,29.39955139,0,0,2.61067939,2034,1.99996948,1.99996948,2.77999997,0,30,-,91,605.79998779,-,68
Thu Oct 28 13:58:54 GMT+02:00 2021,28-oct.-2021 13:58:55.300,3.20719461,46.05459508,19.25,9.935046,411.024169921875,170.8,9.04649067,0.65601128,3.7193923,0.01018873,0,1.5625,7.8125,44.70588303,16.47058868,29.39955139,13.77900696,29.41176414,-69.53125,6.38166046,1997,1.99996948,0.93734741,9,0.025,30,-,91,602.59997559,-,67
Thu Oct 28 13:58:55 GMT+02:00 2021,28-oct.-2021 13:58:56.302,3.20723237,46.05442999,18.69,9.935046,411.5189208984375,170.9,8.95072269,1.25695586,3.78283858,-0.0060341,24.21875,1.5625,24.21875,81.17647552,63.92156982,14.29042053,13.77900696,30.58823586,0,12.61828327,1985,0.97213745,0.93734741,16.61000061,0.09,30,-,91,602.59997559,-,67
Thu Oct 28 13:58:56 GMT+02:00 2021,28-oct.-2021 13:58:57.301,3.20726871,46.05426524,18.6,9.935046,412.0443115234375,170.4,8.88009453,0.9660604,3.68347931,-0.000634,28.125,1.5625,28.125,85.09803772,61.5686264,13.88442993,13.77900696,61.96078491,-3.90625,12.76332092,1992,0.94451904,0.93734741,17.01000023,0.63,30,-,91,602.59997559,-,67
Thu Oct 28 13:58:57 GMT+02:00 2021,28-oct.-2021 13:58:58.302,3.2073105,46.05409927,18.67,9.935046,412.437744140625,170.0,9.13866806,-0.59855044,3.8546648,0.07783017,26.5625,1.5625,26.5625,85.49019623,65.09803772,13.80054092,13.77900696,61.5686264,0,12.76332092,2002,0.93881226,0.93734741,16.80999947,0.82999998,30,-,91,612.59997559,-,67
Thu Oct 28 13:58:58 GMT+02:00 2021,28-oct.-2021 13:58:59.302,3.20735194,46.05393293,18.79,9.935046,412.6265869140625,170.3,8.98663616,0.69551557,3.67270541,-0.01794619,22.65625,1.5625,22.65625,83.92156982,62.74509811,13.61391926,14.83233929,63.52941132,-2.34375,12.90835857,2009,0.92611694,1.00900269,17.01000023,0.83499998,30,-,91,612.59997559,-,68
Thu Oct 28 13:58:59 GMT+02:00 2021,28-oct.-2021 13:59:00.306,3.20739426,46.05376697,18.88,9.935046,412.6904296875,170.2,8.74721622,0.25737667,3.65594602,0.00979894,21.875,1.5625,21.875,84.31372833,61.17647171,14.82919884,14.8964901,63.52941132,-0.78125,12.90835857,2028,1.00878906,1.0133667,17.20999908,0.79499996,30,-,91,623.70001221,-,68
Thu Oct 28 13:59:00 GMT+02:00 2021,28-oct.-2021 13:59:01.301,3.2074336,46.05359696,19.06,9.935046,412.6331787109375,170.7,8.68376923,0.85951841,3.7313633,0.0211902,23.4375,1.5625,21.875,78.8235321,61.17647171,15.0086422,14.9337244,66.27451324,-2.34375,12.76332092,2059,1.02099609,1.01589966,17.20999908,0.76499999,30,-,91,623.70001221,-,69
Thu Oct 28 13:59:01 GMT+02:00 2021,28-oct.-2021 13:59:02.302,3.20747547,46.05342527,19.31,9.935046,413.088623046875,171.0,8.99621296,0.71347213,3.89895749,0.01737681,25,1.5625,25,81.5686264,63.52941132,14.77267456,14.53715515,66.27451324,-6.25,12.61828327,2076,1.00494385,0.98892212,17.20999908,0.47,30,-,91,632.5,-,70
Thu Oct 28 13:59:02 GMT+02:00 2021,28-oct.-2021 13:59:03.302,3.20751726,46.05325121,19.53,9.935046,413.148681640625,171.0,8.66581345,1.12527478,3.63439822,0.01297307,25.78125,1.5625,25.78125,81.17647552,62.35293961,14.62508202,14.52908039,68.62744904,3.90625,12.61828327,2109,0.99490356,0.9883728,17.71999931,0.28999999,30,-,91,632.5,-,71
Thu Oct 28 13:59:03 GMT+02:00 2021,28-oct.-2021 13:59:04.304,3.20755531,46.05307731,19.75,9.935046,413.30908203125,170.7,9.04888535,1.01992989,3.99233127,0.01605242,26.5625,1.5625,26.5625,76.86274719,62.74509811,14.60982895,14.49857426,70.58823395,-0.78125,12.76332092,2124,0.99386597,0.98629761,17.62000084,0.24499999,30,-,91,639.70001221,-,72
Thu Oct 28 13:59:04 GMT+02:00 2021,28-oct.-2021 13:59:05.303,3.20759941,46.05289953,20.02,9.935046,413.319091796875,170.0,8.81784439,0.66079968,3.74094009,0.02599304,26.5625,1.5625,26.5625,76.07843018,58.82352829,14.99249172,14.48780918,68.62744904,0.78125,12.47324562,2165,1.01989746,0.98556519,17.11000061,0.32499999,30,-,91,639.70001221,-,73
Thu Oct 28 13:59:05 GMT+02:00 2021,28-oct.-2021 13:59:06.302,3.20764926,46.05271918,20.34,9.935046,413.248046875,169.8,9.30267048,0.64164603,3.89177489,0.02879238,27.34375,1.5625,27.34375,73.72549438,58.82352829,14.75876713,14.48063087,61.17647171,1.5625,12.32820797,2177,1.0039978,0.9850769,17.01000023,0.19499999,30,-,91,646.5,-,73
Thu Oct 28 13:59:06 GMT+02:00 2021,28-oct.-2021 13:59:07.301,3.20769423,46.05253816,20.62,9.935046,413.53619384765625,170.1,9.19732571,0.80804306,4.03183556,0.00390381,26.5625,1.5625,26.5625,73.33333588,58.03921509,14.39090919,14.74710369,71.76470947,2.34375,12.47324562,2226,0.97897339,1.00320435,17.20999908,0.51999998,30,-,91,646.5,-,74
Thu Oct 28 13:59:07 GMT+02:00 2021,28-oct.-2021 13:59:08.303,3.20774117,46.05235393,20.9,9.935046,413.7108154296875,170.0,8.8573494,0.76973587,3.82713151,0.02083442,25.78125,1.5625,25.78125,71.37255096,58.4313736,14.73364544,14.66052151,84.70587921,0.78125,12.32820797,2248,1.00228882,0.99731445,17.31999969,0.63499999,30,-,91,651,-,76
Thu Oct 28 13:59:08 GMT+02:00 2021,28-oct.-2021 13:59:09.302,3.20778471,46.05216765,21.07,9.935046,413.5579833984375,170.0,8.558074,0.72903442,3.8714242,-0.01161071,26.5625,1.5625,26.5625,70.98039246,57.25490189,14.79510498,14.75742149,85.49019623,-3.125,12.32820797,2263,1.00646973,1.00390625,17.42000008,0.59999996,30,-,91,651,-,76
Thu Oct 28 13:59:09 GMT+02:00 2021,28-oct.-2021 13:59:10.301,3.20783512,46.05197749,21.23,9.935046,413.41485595703125,169.9,8.05888271,0.8834604,3.40694904,-0.05030908,27.34375,1.5625,28.125,67.84313965,56.07843018,14.94180012,14.46851826,77.2549057,2.34375,11.89309406,2300,1.01644897,0.98425293,17.31999969,0.41499999,30,-,91,653.20001221,-,78
Thu Oct 28 13:59:10 GMT+02:00 2021,28-oct.-2021 13:59:11.302,3.20788421,46.05178782,21.62,9.935046,413.42724609375,169.8,9.11233139,0.73861122,3.99113417,0.01943671,28.125,1.5625,27.34375,69.41176605,56.86274338,14.71839333,14.62014771,68.62744904,-3.125,12.03813267,2306,1.00125122,0.99456787,17.52000046,0.60499996,30,-,91,653.20001221,-,78
Thu Oct 28 13:59:11 GMT+02:00 2021,28-oct.-2021 13:59:12.303,3.2079364,46.05159397,21.72,9.935046,413.5810546875,169.9,8.79150867,0.61650693,3.94085598,-0.00553784,27.34375,1.5625,26.5625,65.88235474,54.90196228,14.80317974,14.61386681,82.35294342,0.78125,11.74805641,2323,1.00701904,0.99414062,17.01000023,0.58999997,30,-,91,655.59997559,-,78
Thu Oct 28 13:59:12 GMT+02:00 2021,28-oct.-2021 13:59:13.304,3.20798392,46.05140281,21.84,9.935046,413.6885986328125,170.2,8.64546204,0.70628953,3.79002118,0.00963459,28.125,1.5625,28.125,64.70588684,51.37254715,15.00325871,14.66455936,88.62744904,0,11.60301876,2334,1.02062988,0.99758911,16.40999985,0.59499997,30,-,91,655.59997559,-,79
Thu Oct 28 13:59:13 GMT+02:00 2021,28-oct.-2021 13:59:14.302,3.2080306,46.05120708,21.93,9.935046,413.83917236328125,170.6,8.94234371,0.85473001,3.881001,0.0172096,27.34375,1.5625,27.34375,59.60784531,49.80392075,14.63584995,14.6327076,89.41176605,0,11.02286816,2346,0.99563599,0.99542236,15.06000042,0.57999998,30,-,91,654.29998779,-,79
Thu Oct 28 13:59:14 GMT+02:00 2021,28-oct.-2021 13:59:15.302,3.20808054,46.05100953,22.07,9.935046,414.365234375,170.4,9.36731434,0.84754741,4.27484703,0.03340527,28.125,1.5625,28.125,57.25490189,47.05882263,14.63495159,14.69641018,85.88235474,3.125,10.73279285,2351,0.99557495,0.99975586,14.52999973,0.55000001,30,-,91,654.29998779,-,79
Thu Oct 28 13:59:15 GMT+02:00 2021,28-oct.-2021 13:59:16.304,3.20812736,46.05081337,22.1,9.935046,414.4620361328125,170.3,9.10874081,0.73741412,4.05218649,0.04612297,28.125,1.5625,28.125,54.11764908,45.49019623,14.55420303,14.77222538,78.8235321,-5.46875,10.5877552,2358,0.99008179,1.00491333,14.18000031,0.61000001,30,-,91,650.70001221,-,80
Thu Oct 28 13:59:16 GMT+02:00 2021,28-oct.-2021 13:59:17.302,3.20817387,46.05061831,22.11,9.935046,414.36041259765625,170.4,8.84178734,0.54228669,4.14556026,0.02921305,28.125,1.5625,28.125,51.37255096,41.96078491,14.8341341,14.67622375,88.23529053,5.46875,10.1526413,2355,1.00912476,0.99838257,13.42000008,0.61000001,30,-,91,650.70001221,-,80
Thu Oct 28 13:59:17 GMT+02:00 2021,28-oct.-2021 13:59:18.301,3.20821857,46.05042076,22.14,9.935046,414.3853759765625,170.4,9.56962395,0.65241998,4.45560932,0.03251807,28.90625,1.5625,28.90625,50.58823776,41.5686264,14.63495159,14.64975643,80.39215851,0,9.86256599,2348,0.99557495,0.99658203,12.94999981,0.58999997,30,-,91,644.59997559,-,79
Thu Oct 28 13:59:18 GMT+02:00 2021,28-oct.-2021 13:59:19.302,3.20826718,46.05022366,22.08,9.935046,414.3594970703125,170.4,8.87291145,0.81163436,4.08809948,0.01086113,28.125,1.5625,28.90625,50.98039246,42.35293961,14.50395775,14.66949463,88.23529053,-0.78125,10.00760365,2339,0.98666382,0.9979248,13.18000031,0.59999996,30,-,91,644.59997559,-,79
Thu Oct 28 13:59:19 GMT+02:00 2021,28-oct.-2021 13:59:20.303,3.20831405,46.05002947,21.86,9.935046,414.384765625,170.5,8.89805031,0.76853877,3.76727629,0.02673266,28.125,1.5625,28.125,54.50980377,45.88235474,14.65603638,14.49677944,87.05882263,0,10.73279285,2333,0.99700928,0.98617554,14.10000038,0.57999998,30,-,91,639.09997559,-,79
Thu Oct 28 13:59:20 GMT+02:00 2021,28-oct.-2021 13:59:21.301,3.20836456,46.04983541,21.87,9.935046,414.66064453125,170.4,8.89086819,0.67755908,4.23175144,0.03389443,28.125,1.5625,28.125,56.86274719,47.45098114,14.66231728,14.6524477,87.84313965,-0.78125,10.73279285,2327,0.99743652,0.99676514,14.61999989,0.52999997,30,-,91,639.09997559,-,79
Thu Oct 28 13:59:21 GMT+02:00 2021,28-oct.-2021 13:59:22.301,3.20841055,46.04964073,21.92,9.935046,414.6573486328125,170.3,9.29788208,0.45010993,3.97796607,0.04523269,28.125,1.5625,28.90625,57.64706039,50.19607925,14.6721859,14.68519497,80,7.03125,11.16790581,2317,0.99810791,0.99899292,15.42000008,0.56999999,30,-,91,636,-,78
Thu Oct 28 13:59:22 GMT+02:00 2021,28-oct.-2021 13:59:23.306,3.20845872,46.04944932,21.73,9.935046,415.0975341796875,170.3,8.6909523,0.39624038,3.89895749,0.02129974,28.90625,1.5625,28.90625,61.17647171,50.98039246,14.65603638,14.63674641,90.19607544,0,11.31294346,2318,0.99700928,0.99569702,15.60000038,0.58999997,30,-,91,636,-,78
Thu Oct 28 13:59:23 GMT+02:00 2021,28-oct.-2021 13:59:24.304,3.20850227,46.04925429,21.85,9.935046,415.380615234375,170.4,8.95670891,0.61530983,4.10126734,0.01870514,28.90625,1.5625,28.90625,63.13725662,53.72549057,14.65738106,14.56496906,89.41176605,0,11.31294346,2316,0.99710083,0.99081421,16.04999924,0.55500001,30,-,91,635.5,-,78
Thu Oct 28 13:59:24 GMT+02:00 2021,28-oct.-2021 13:59:25.303,3.20855674,46.0490593,21.78,9.935046,415.75018310546875,170.4,9.00219822,0.24660277,3.76129079,0.0084534,29.6875,1.5625,29.6875,65.09803772,53.72549057,14.59996033,14.67577457,88.62744904,0,11.89309406,2311,0.99319458,0.99835205,16.51000023,0.59999996,30,-,91,635.5,-,78
Thu Oct 28 13:59:25 GMT+02:00 2021,28-oct.-2021 13:59:26.301,3.20860457,46.04886995,21.72,9.935046,416.28887939453125,170.6,8.69693756,0.69431847,3.8462851,0.00349312,28.90625,1.5625,28.90625,65.88235474,54.11764526,14.56317329,14.50350952,82.7450943,3.90625,11.74805641,2314,0.99069214,0.9866333,16.31999969,0.44999999,30,-,91,637.40002441,-,78
Thu Oct 28 13:59:26 GMT+02:00 2021,28-oct.-2021 13:59:27.303,3.20864778,46.0486776,21.7,9.935046,416.9056396484375,170.6,8.67898083,0.94810385,3.92409658,-0.01209586,28.90625,1.5625,28.90625,65.88235474,54.50980377,14.49992085,14.63943768,87.84313965,0.78125,11.74805641,2309,0.98638916,0.99588013,16.70999908,0.58499998,30,-,91,637.40002441,-,78
Thu Oct 28 13:59:27 GMT+02:00 2021,28-oct.-2021 13:59:28.302,3.20869816,46.04848175,21.74,9.935046,417.340576171875,170.5,8.9124155,0.72185183,3.91451979,0.03532476,29.6875,1.5625,28.90625,65.49019623,53.72549057,14.68385029,14.63226032,86.66666412,0.78125,11.74805641,2312,0.99890137,0.99539185,16.61000061,0.58499998,30,-,91,639.29998779,-,78
Thu Oct 28 13:59:28 GMT+02:00 2021,28-oct.-2021 13:59:29.301,3.20874532,46.04828835,21.7,9.935046,418.22064208984375,170.4,8.75320148,0.50158525,3.62482142,-0.01364927,29.6875,1.5625,29.6875,65.09803772,54.90196228,14.62104511,14.65693378,76.86274719,3.90625,11.74805641,2311,0.99462891,0.99707031,16.80999947,0.54500002,30,-,91,639.29998779,-,78
Thu Oct 28 13:59:29 GMT+02:00 2021,28-oct.-2021 13:59:30.301,3.20879306,46.04809752,21.65,9.935046,418.4884033203125,170.4,8.51737213,0.67157358,3.83431411,-0.01092051,28.90625,1.5625,30.46875,65.49019623,54.50980377,14.51248074,14.64123154,80.39215851,-4.6875,12.03813267,2315,0.98724365,0.9960022,16.70999908,0.56999999,30,-,91,641.29998779,-,78
Thu Oct 28 13:59:30 GMT+02:00 2021,28-oct.-2021 13:59:31.302,3.2088321,46.04790469,21.73,9.935046,418.8194580078125,170.5,8.93037224,0.94451255,3.90853429,-0.01021553,29.6875,1.5625,29.6875,66.27451324,56.86274338,14.43352699,14.65693378,76.07843018,-7.03125,12.03813267,2324,0.98187256,0.99707031,17.11000061,0.61000001,30,-,91,641.29998779,-,79
Thu Oct 28 13:59:31 GMT+02:00 2021,28-oct.-2021 13:59:32.302,3.20887457,46.04771445,21.61,9.935046,418.271240234375,170.4,8.73404789,0.78050977,3.96719217,0.01371862,28.90625,2.34375,28.90625,67.84313965,56.47058868,14.71345806,14.62463284,83.92156982,-0.78125,11.89309406,2339,1.00091553,0.99487305,17.31999969,0.58999997,30,-,91,641.29998779,-,79
Thu Oct 28 13:59:32 GMT+02:00 2021,28-oct.-2021 13:59:33.302,3.20891909,46.04751961,21.99,9.935046,418.3214111328125,170.3,8.74601841,0.87268651,3.91811109,0.01703938,28.90625,2.34375,28.90625,66.27451324,50.58823395,14.69147587,14.64212894,90.19607544,-3.90625,11.74805641,2352,0.99942017,0.99606323,17.31999969,0.59999996,30,-,91,644.70001221,-,79
Thu Oct 28 13:59:33 GMT+02:00 2021,28-oct.-2021 13:59:34.300,3.2089719,46.04732497,22.13,9.935046,418.49969482421875,170.4,8.89206505,0.91099375,3.8833952,0.01061713,28.90625,2.34375,28.125,56.07843399,47.84313583,14.61969852,14.5434351,88.62744904,-4.6875,10.87783051,2362,0.99453735,0.98934937,14.78999996,0.59499997,30,-,91,644.70001221,-,80
Thu Oct 28 13:59:34 GMT+02:00 2021,28-oct.-2021 13:59:35.301,3.20901557,46.04713203,22.14,9.935046,418.53021240234375,170.2,9.02015495,0.62608373,3.82952571,0.037699,29.6875,2.34375,29.6875,54.90196228,42.74509811,14.56766033,14.53715515,78.8235321,-5.46875,10.1526413,2365,0.99099731,0.98892212,13.42000008,0.55500001,30,-,91,643.79998779,-,80
Thu Oct 28 13:59:35 GMT+02:00 2021,28-oct.-2021 13:59:36.301,3.20906527,46.0469349,22.23,9.935046,418.7193603515625,170.2,8.81784439,0.47644615,4.00789356,-0.00615546,28.90625,2.34375,28.90625,45.49019623,39.60784149,14.56766033,14.59457588,82.35294342,0,9.57249069,2365,0.99099731,0.99282837,11.97000027,0.57999998,30,-,91,643.79998779,-,80
Thu Oct 28 13:59:36 GMT+02:00 2021,28-oct.-2021 13:59:37.302,3.20911064,46.04673901,22.15,9.935046,418.510498046875,170.4,9.04529381,0.73023152,4.18267059,0.04086213,30.46875,2.34375,30.46875,41.96078491,34.90196228,14.67936325,14.52908039,47.05882263,1.5625,8.84730244,2354,0.99859619,0.9883728,11.07999992,0.57499999,30,-,91,639.20001221,-,79
Thu Oct 28 13:59:37 GMT+02:00 2021,28-oct.-2021 13:59:38.301,3.20915503,46.04654291,22.06,9.935046,418.4488525390625,170.5,8.88488293,0.86909521,4.13837767,0.03154226,30.46875,2.34375,29.6875,45.49019623,35.29411697,14.17557716,14.17019367,55.29411697,-5.46875,8.70226383,2343,0.96432495,0.96395874,11.76000023,0.565,30,-,91,639.20001221,-,79
Thu Oct 28 13:59:38 GMT+02:00 2021,28-oct.-2021 13:59:39.303,3.20920507,46.04634343,22.19,9.935046,418.84527587890625,170.5,9.02015495,0.90141696,4.07971954,0.04127575,30.46875,2.34375,30.46875,48.23529434,41.96078491,14.64437199,14.88751793,87.45098114,-3.90625,9.42745304,2332,0.99621582,1.01275635,12.47000027,0.57999998,30,-,91,632.59997559,-,79
Thu Oct 28 13:59:39 GMT+02:00 2021,28-oct.-2021 13:59:40.301,3.20925181,46.04614614,22.02,9.935046,418.8739013671875,170.4,8.89805031,0.78529817,4.14316607,0.03182508,30.46875,2.34375,30.46875,54.90196228,45.49019623,14.7385807,14.56317329,73.33333588,0.78125,10.44271755,2318,1.00262451,0.99069214,14.01000023,0.58999997,30,-,91,632.59997559,-,78
Thu Oct 28 13:59:40 GMT+02:00 2021,28-oct.-2021 13:59:41.302,3.20930129,46.04595393,21.67,9.935046,418.90899658203125,170.3,8.93755531,0.60453594,3.93846178,0.00902015,29.6875,2.34375,29.6875,59.2156868,49.01960754,14.72332764,14.59771729,78.03921509,4.6875,11.02286816,2314,1.00158691,0.99304199,15.06000042,0.59499997,30,-,91,628.29998779,-,78
Thu Oct 28 13:59:41 GMT+02:00 2021,28-oct.-2021 13:59:42.302,3.20935025,46.04576163,21.62,9.935046,418.96185302734375,170.3,8.74960995,0.72185183,3.7002387,0.02614134,30.46875,2.34375,30.46875,63.13725662,56.07843018,14.65738106,14.65468979,87.84313965,3.90625,12.03813267,2301,0.99710083,0.99691772,17.20999908,0.60499996,30,-,91,628.29998779,-,78
Thu Oct 28 13:59:42 GMT+02:00 2021,28-oct.-2021 13:59:43.303,3.20940231,46.04556612,21.64,9.935046,420.0814208984375,170.2,8.7986908,0.56503159,4.15992546,0.02400548,0,2.34375,0,17.64705849,10.98039246,29.39955139,14.71211243,0,0,3.91601896,2172,1.99996948,1.00082397,3.57999992,0.055,30,-,91,629.20001221,-,76
Thu Oct 28 13:59:43 GMT+02:00 2021,28-oct.-2021 13:59:44.302,3.20944905,46.04537341,21.31,9.935046,420.6353759765625,170.2,8.03613758,0.58298814,3.33751726,0.04357985,0,2.34375,0,69.01960754,36.07843018,18.05559158,13.77900696,0,0,9.42745304,2478,1.22827148,0.93734741,19.47999954,0.025,30,-,91,629.20001221,-,75
Thu Oct 28 13:59:44 GMT+02:00 2021,28-oct.-2021 13:59:45.302,3.20949627,46.04519345,20.8,9.935046,421.08929443359375,170.1,8.8381958,0.84635031,3.83431411,0.01609956,33.59375,2.34375,33.59375,51.76470566,44.31372452,13.08097267,13.77900696,78.4313736,-7.03125,9.86256599,2463,0.88986206,0.93734741,16.61000061,0.13499999,30,-,91,629.29998779,-,75
Thu Oct 28 13:59:45 GMT+02:00 2021,28-oct.-2021 13:59:46.301,3.20954744,46.04501232,20.79,9.935046,421.65625,170.1,8.91121864,0.41539401,3.47159243,0.02244064,32.03125,2.34375,32.03125,67.84313965,63.52941132,13.93108559,13.77900696,86.66666412,0,12.32820797,2475,0.94769287,0.93734741,19.05999947,0.66499996,30,-,91,629.29998779,-,75
Thu Oct 28 13:59:46 GMT+02:00 2021,28-oct.-2021 13:59:47.303,3.20959186,46.04482922,20.93,9.935046,422.301513671875,170.2,9.48941803,0.70628953,3.90733719,0.0003144,32.8125,2.34375,31.25,76.86274719,66.66666412,13.58565712,14.63629818,45.88235474,-1.5625,12.90835857,2498,0.92419434,0.9956665,22.04000092,0.83499998,30,-,91,638.20001221,-,76
Thu Oct 28 13:59:47 GMT+02:00 2021,28-oct.-2021 13:59:48.302,3.20963476,46.04464171,21.04,9.935046,422.826416015625,170.4,8.50181007,0.47046062,3.28484464,0.01853713,32.8125,2.34375,32.03125,78.8235321,66.27451324,14.72018719,14.87585354,50.19607925,0,12.90835857,2524,1.00137329,1.01196289,22.39999962,0.78499997,30,-,91,638.20001221,-,76
Thu Oct 28 13:59:48 GMT+02:00 2021,28-oct.-2021 13:59:49.302,3.20968313,46.04446149,20.9,9.935046,423.322998046875,170.5,9.06205368,0.84275901,3.54222131,0.00491584,32.03125,2.34375,32.03125,78.03921509,67.45098114,14.96647358,14.91263962,50.58823395,1.5625,12.90835857,2543,1.01812744,1.01446533,22.75,0.72499996,30,-,91,654.90002441,-,77
Thu Oct 28 13:59:49 GMT+02:00 2021,28-oct.-2021 13:59:50.301,3.20973465,46.04427363,21.4,9.935046,424.0367431640625,170.4,9.26196957,0.80205756,3.90973139,0.01660499,31.25,2.34375,31.25,76.07843018,66.66666412,14.87764835,14.26843834,50.98039246,11.71875,12.90835857,2551,1.01208496,0.97064209,22.28000069,0.685,30,-,91,654.90002441,-,77
Thu Oct 28 13:59:50 GMT+02:00 2021,28-oct.-2021 13:59:51.302,3.20978385,46.04408974,21.03,9.935046,423.93798828125,170.2,9.55645561,0.54946929,3.81276631,0.00831923,33.59375,2.34375,32.03125,78.4313736,67.45098114,14.89334965,14.60444546,35.68627548,-3.125,13.05339622,2551,1.01315308,0.99349976,22.87000084,0.685,30,-,91,671.29998779,-,77
Thu Oct 28 13:59:51 GMT+02:00 2021,28-oct.-2021 13:59:52.301,3.20982348,46.04390001,21.66,9.935046,424.77716064453125,170.3,9.03691387,0.4345476,3.7241807,0.00454991,31.25,2.34375,31.25,79.21569061,68.62744904,14.6318121,14.5963707,48.23529434,-2.34375,12.90835857,2539,0.99536133,0.99295044,23.11000061,0.67500001,30,-,91,671.29998779,-,77
Thu Oct 28 13:59:52 GMT+02:00 2021,28-oct.-2021 13:59:53.300,3.20987221,46.0437153,21.31,9.935046,426.24346923828125,170.1,8.34020138,0.60932434,3.15436077,0.00316091,31.25,2.34375,31.25,79.21569061,65.49019623,14.93865871,14.30073833,55.29411697,0,12.90835857,2532,1.01623535,0.97283936,21.92000008,0.65999997,30,-,91,684.29998779,-,77
Thu Oct 28 13:59:53 GMT+02:00 2021,28-oct.-2021 13:59:54.304,3.20992058,46.04352658,21.03,9.935046,427.0396728515625,170.0,8.43716717,1.13006318,3.51588511,-0.02464659,31.25,2.34375,31.25,73.72549438,67.45098114,14.65603638,14.57708168,67.84313965,-6.25,12.61828327,2525,0.99700928,0.99163818,21.36000061,0.47,30,-,91,684.29998779,-,77
Thu Oct 28 13:59:54 GMT+02:00 2021,28-oct.-2021 13:59:55.304,3.20996609,46.04334201,21.33,9.935046,427.7730712890625,170.0,9.00938129,0.70988083,3.67869091,0.00501385,31.25,2.34375,32.03125,73.72549438,62.74509811,14.75383282,14.61835384,84.70587921,-8.59375,12.61828327,2532,1.00366211,0.9944458,21.36000061,0.65499997,30,-,91,692.20001221,-,77
Thu Oct 28 13:59:55 GMT+02:00 2021,28-oct.-2021 13:59:56.302,3.21001255,46.04315176,21.37,9.935046,428.9906005859375,170.0,9.45829391,1.14801967,3.52426481,0.0077181,31.25,2.34375,31.25,71.37255096,61.5686264,14.40526485,14.86463928,76.86274719,-3.90625,12.47324562,2549,0.97994995,1.01119995,20.62999916,0.61500001,30,-,91,692.20001221,-,77
Thu Oct 28 13:59:56 GMT+02:00 2021,28-oct.-2021 13:59:57.302,3.21006357,46.04296147,21.48,9.935046,430.01983642578125,170.0,8.92319012,0.58418524,3.41054034,0.02253826,30.46875,2.34375,31.25,70.98039246,61.17647171,14.93103313,14.3626461,69.80392456,3.125,12.47324562,2551,1.01571655,0.97705078,20.72999954,0.64999998,30,-,91,696.20001221,-,77
Thu Oct 28 13:59:57 GMT+02:00 2021,28-oct.-2021 13:59:58.302,3.21011307,46.04277065,21.63,9.935046,430.672119140625,170.2,9.30985355,0.70150107,3.73854589,0.01728781,30.46875,2.34375,30.46875,69.80392456,60,14.75383282,14.67173767,85.09803772,-7.03125,12.32820797,2574,1.00366211,0.99807739,20.42000008,0.60499996,30,-,91,696.20001221,-,78
Thu Oct 28 13:59:58 GMT+02:00 2021,28-oct.-2021 13:59:59.304,3.21016004,46.04257832,21.64,9.935046,431.3843994140625,170.6,9.45829391,0.91937345,4.12760353,0.04949278,31.25,2.34375,31.25,70.19608307,61.17647171,14.70986843,14.58470726,84.31372833,1.5625,12.18317032,2579,1.00067139,0.99215698,20.11000061,0.61500001,30,-,91,697.90002441,-,78
Thu Oct 28 13:59:59 GMT+02:00 2021,28-oct.-2021 14:00:00.302,3.21020345,46.04238818,21.7,9.935046,431.927001953125,170.5,9.08599567,0.74938512,4.08690214,0.02613947,30.46875,2.34375,30.46875,70.19608307,60.7843132,14.44519043,14.35681534,81.1764679,1.5625,12.32820797,2576,0.98266602,0.97665405,20.72999954,0.62,30,-,91,697.90002441,-,78
Thu Oct 28 14:00:00 GMT+02:00 2021,28-oct.-2021 14:00:01.302,3.21025111,46.04219413,21.84,9.935046,432.5594482421875,170.1,8.74123001,0.78170687,3.56017804,-0.00652478,31.25,2.34375,30.46875,70.19608307,60.39215851,14.84086323,14.35726261,87.45098114,0.78125,12.18317032,2578,1.00958252,0.97668457,20.72999954,0.625,30,-,91,699.29998779,-,78
Thu Oct 28 14:00:01 GMT+02:00 2021,28-oct.-2021 14:00:02.303,3.21030185,46.04200463,21.72,9.935046,432.62493896484375,170.1,9.55406189,0.50757074,3.62482142,0.04808571,31.25,2.34375,30.46875,68.62744904,60.7843132,14.82246971,14.7148037,81.96078491,-1.5625,12.32820797,2560,1.0083313,1.00100708,20.11000061,0.63,30,-,91,699.29998779,-,77
Thu Oct 28 14:00:02 GMT+02:00 2021,28-oct.-2021 14:00:03.302,3.21035031,46.0418183,21.45,9.935046,433.9228515625,169.9,9.5301199,0.23702596,3.92649078,0.02521092,31.25,2.34375,31.25,69.01960754,59.2156868,14.68474674,14.549716,82.7450943,2.34375,12.32820797,2546,0.9989624,0.98977661,20.11000061,0.60499996,30,-,92,700.20001221,-,77
Thu Oct 28 14:00:03 GMT+02:00 2021,28-oct.-2021 14:00:04.302,3.21039613,46.04163085,21.39,9.935046,435.315185546875,169.9,9.06325054,1.04028058,3.79002118,0.02159506,31.25,2.34375,31.25,69.41176605,60,14.42859268,14.71525288,86.66666412,-3.125,12.32820797,2529,0.98153687,1.0010376,20.11000061,0.57499999,30,-,92,700.20001221,-,77
Thu Oct 28 14:00:04 GMT+02:00 2021,28-oct.-2021 14:00:05.302,3.21044583,46.04144138,21.41,9.935046,435.4615478515625,169.9,9.19732571,0.49919105,3.8618474,0.02273653,31.25,2.34375,31.25,69.41176605,59.60784149,14.6129694,14.55644512,83.13725281,-4.6875,12.32820797,2517,0.99407959,0.99023438,20,0.60499996,30,-,92,700.5,-,76
Thu Oct 28 14:00:05 GMT+02:00 2021,28-oct.-2021 14:00:06.302,3.21049815,46.04125416,21.45,9.935046,435.6820068359375,169.8,8.85495472,0.82599956,3.54940391,0.02782394,30.46875,2.34375,31.25,69.80392456,60,14.84804058,14.5277338,78.8235321,-1.5625,12.32820797,2487,1.0100708,0.98828125,19.79999924,0.62,30,-,92,700.5,-,75
Thu Oct 28 14:00:06 GMT+02:00 2021,28-oct.-2021 14:00:07.302,3.21054714,46.04106765,21.18,9.935046,436.62030029296875,169.9,9.01177502,0.50158525,3.46919823,-0.02929551,31.25,2.34375,31.25,70.19608307,60.39215851,14.6721859,14.62014771,83.92156982,-1.5625,12.32820797,2486,0.99810791,0.99456787,19.89999962,0.59999996,30,-,92,700.70001221,-,75
Thu Oct 28 14:00:07 GMT+02:00 2021,28-oct.-2021 14:00:08.302,3.21059502,46.04088457,21.0,9.935046,437.224365234375,169.9,9.00578976,0.59136784,3.7289691,-0.00200789,31.25,2.34375,31.25,70.19608307,60.39215851,14.45461178,14.64661503,83.52941132,2.34375,12.47324562,2474,0.98330688,0.99636841,19.47999954,0.60499996,30,-,92,700.70001221,-,75
Thu Oct 28 14:00:08 GMT+02:00 2021,28-oct.-2021 14:00:09.303,3.21063453,46.04069242,20.91,9.935046,438.4102783203125,170.3,8.69813442,0.76255322,3.7253778,0.01243009,31.25,2.34375,31.25,70.19608307,59.2156868,14.57708168,14.44519043,78.03921509,4.6875,12.32820797,2474,0.99163818,0.98266602,19.79999924,0.61500001,30,-,92,700.70001221,-,75
Thu Oct 28 14:00:09 GMT+02:00 2021,28-oct.-2021 14:00:10.303,3.21067833,46.04050404,20.91,9.935046,439.52972412109375,170.3,8.81904221,0.61770403,3.8582561,-0.00513499,31.25,2.34375,31.25,68.62744904,60,14.47614479,14.72108459,87.05882263,0.78125,12.32820797,2493,0.98477173,1.00143433,19.79999924,0.53999996,30,-,92,700.70001221,-,76
Thu Oct 28 14:00:10 GMT+02:00 2021,28-oct.-2021 14:00:11.302,3.21072371,46.04031707,21.04,9.935046,440.304931640625,170.4,8.70890903,0.46447513,3.77206469,0.00975804,31.25,2.34375,31.25,70.58823395,60.39215851,14.5205574,14.56586552,84.31372833,-3.125,12.32820797,2517,0.98779297,0.99087524,20.31999969,0.61500001,30,-,92,700.70001221,-,76
Thu Oct 28 14:00:11 GMT+02:00 2021,28-oct.-2021 14:00:12.301,3.21076903,46.04012429,21.22,9.935046,441.51849365234375,170.2,8.57722759,1.39462245,3.66432571,0.00824645,30.46875,2.34375,30.46875,67.05882263,57.25490189,14.60130501,14.70717716,83.92156982,7.03125,12.18317032,2551,0.99328613,1.00048828,19.37999916,0.61500001,30,-,92,700.79998779,-,77
Thu Oct 28 14:00:12 GMT+02:00 2021,28-oct.-2021 14:00:13.302,3.21081992,46.03993549,21.46,9.935046,442.24749755859375,169.8,9.27992535,0.66798228,4.52863264,0.04063046,28.125,2.34375,28.125,49.41176605,56.47058868,14.57708168,14.69371891,0,0,11.16790581,2557,0.99163818,0.99957275,14.69999981,0.58999997,30,-,92,700.79998779,-,77
Thu Oct 28 14:00:13 GMT+02:00 2021,28-oct.-2021 14:00:14.302,3.21086808,46.03973776,21.63,9.935046,442.608642578125,169.4,8.91959858,0.28371289,4.72615433,0.02782096,0,2.34375,0,26.66666794,14.11764717,23.73407555,13.77900696,0,0,3.48090577,1429,1.61456299,0.93734741,3.9000001,0,30,-,92,698.79998779,-,76
Thu Oct 28 14:00:14 GMT+02:00 2021,28-oct.-2021 14:00:15.300,3.2109134,46.03954954,21.06,9.935046,442.83294677734375,169.6,8.73763943,0.1376666,4.51905584,0.01957628,0,2.34375,0,14.11764717,10.98039246,19.43057632,29.39955139,0,0,2.90075469,2170,1.32180786,1.99996948,3.05999994,0.025,31,-,92,698.79998779,-,73
Thu Oct 28 14:00:15 GMT+02:00 2021,28-oct.-2021 14:00:16.302,3.21095816,46.03936137,20.56,9.935046,443.3753662109375,169.9,8.67060184,0.50278234,4.34547615,0.0208279,0,2.34375,0,12.15686321,12.15686321,29.26945496,13.77900696,0,0,2.61067939,2135,1.99111938,0.93734741,2.79999995,0,31,-,92,690.40002441,-,72
Thu Oct 28 14:00:16 GMT+02:00 2021,28-oct.-2021 14:00:17.302,3.21100046,46.03918383,19.99,9.935046,444.21142578125,170.1,9.11951447,0.45729253,4.67587614,0.03534373,0,2.34375,0,20,13.72549057,18.20228577,13.77900696,0,0,3.33586788,2093,1.23825073,0.93734741,4.32000017,0.025,31,-,92,690.40002441,-,71
Thu Oct 28 14:00:17 GMT+02:00 2021,28-oct.-2021 14:00:18.302,3.21104223,46.0390099,19.58,9.935046,444.8372802734375,170.2,9.1326828,0.81402856,4.44483566,0.01532757,12.5,2.34375,12.5,20,15.29411793,16.79410362,13.77900696,0,0,3.48090577,2061,1.14245605,0.93734741,4.17999983,0.025,31,-,92,685.09997559,-,69
Thu Oct 28 14:00:18 GMT+02:00 2021,28-oct.-2021 14:00:19.301,3.21108286,46.03883714,19.26,9.935046,445.337158203125,169.8,8.83101273,0.60812724,4.23534298,0.01268852,33.59375,2.34375,29.6875,21.17647171,16.07843208,14.30657005,13.77900696,0,0,3.62594342,2004,0.97323608,0.93734741,4.28999996,0.055,31,-,91,685.09997559,-,68
Thu Oct 28 14:00:19 GMT+02:00 2021,28-oct.-2021 14:00:20.302,3.21112546,46.03867102,18.71,9.935046,445.590576171875,169.5,8.39766216,0.44771573,3.76967049,0.00332472,32.8125,2.34375,32.8125,21.56862831,16.07843208,13.76644516,13.77900696,0,0,3.62594342,1980,0.93649292,0.93734741,4.28999996,0.09999999,31,-,91,680.29998779,-,67
Thu Oct 28 14:00:20 GMT+02:00 2021,28-oct.-2021 14:00:21.301,3.21116923,46.0385035,18.69,9.935046,446.2576904296875,169.6,8.55687714,0.70988083,3.90135169,0.00875156,31.25,2.34375,32.03125,21.17647171,16.07843208,13.84001732,13.77900696,0,0,3.62594342,1936,0.9414978,0.93734741,4.1500001,0.11499999,31,-,91,680.29998779,-,65
Thu Oct 28 14:00:21 GMT+02:00 2021,28-oct.-2021 14:00:22.301,3.21121227,46.03833989,18.22,9.935046,446.871826171875,169.8,9.18655205,0.58298814,4.01028776,0.01986074,32.03125,2.34375,32.03125,25.49019623,41.5686264,13.59866524,13.77900696,0,-100,3.91601896,1910,0.92507935,0.93734741,4.92000008,0.125,31,-,91,675.59997559,-,64
Thu Oct 28 14:00:22 GMT+02:00 2021,28-oct.-2021 14:00:23.304,3.21125451,46.03818064,17.91,9.935046,447.3280029296875,169.9,9.18535519,0.76015902,4.22337198,0.0219002,28.90625,2.34375,28.90625,51.37255096,40,14.01093769,13.77900696,21.96078491,-0.78125,8.84730244,1894,0.953125,0.93734741,9.76000023,0.145,31,-,91,675.59997559,-,64
Thu Oct 28 14:00:23 GMT+02:00 2021,28-oct.-2021 14:00:24.301,3.21129131,46.03802311,17.67,9.935046,447.6544189453125,170.1,9.00938129,0.53869539,3.98634577,0.02132589,28.90625,2.34375,29.6875,49.41176605,37.64706039,14.30836487,13.77900696,48.62745285,0,9.13737774,1888,0.97335815,0.93734741,9.40999985,0.235,31,-,91,668.59997559,-,64
